2709 4675
115 57 239 116 est.
291 44 486 116 Hinc
538 0 847 131 εοῖῑᾱῑι,
890 55 977 114 ut
1025 42 1312 144 aliquot
1362 43 1441 116 in
1488 42 1672 116 locis
1722 0 1880 116 nim
1954 39 2108 139 tam
2181 43 2404 117 vitio-

119 178 269 227 sam
349 153 694 227 editionis
755 153 1115 253 principis
1202 152 1600 226 lectionem
1664 154 2088 252 corrigeret,
2172 178 2402 254 quam

115 263 288 338 Aldi
328 279 401 338 et
429 263 778 364 Naugerii
824 264 1288 335 coniecturas
1333 262 1781 336 coniecturis
1831 254 2404 337 sollicitaret—'-

115 376 589 448 Burmannus
638 397 909 473 paucas
962 373 1241 446 Heinsii
1295 374 1794 448 correctiones
1842 370 2215 460 refutavit,
2268 370 2404 445 sed

116 482 362 582 plures
413 483 509 558 de
562 508 698 555 suo
749 479 1064 554 addidit.
1141 481 1497 556 Ceterum
1555 494 1758 555 tanta
1822 481 2254 555 morositate
2328 493 2405 554 et

115 593 499 693 iniquitate
552 592 736 666 haec
788 591 1118 664 carmina
1167 595 1533 684 tractavit,
1588 606 1673 665 ut
1741 594 1821 666 in
1892 590 2239 693 plurimis
2304 589 2399 664 de

113 727 448 777 sermone
501 703 672 776 satis
721 702 993 774 Latino
1044 715 1118 774 et
1166 727 1387 775 sensu
1440 702 1840 777 commodo
1895 700 2292 791 dubitaret,
2327 715 2404 776 et

115 838 285 911 prae
338 812 604 886 ceteris
654 812 1092 884 sententiam
1145 809 1238 884 de
1291 813 1630 886 oratione
1679 811 1984 885 horrida
2025 824 2098 884 et
2138 812 2404 886 scabra

115 921 533 1024 Sabinoque
591 920 899 1022 indigna
936 920 1250 1013 ⁸foveret
1313 908 1390 994 et
1460 919 2038 996 commendaret.
2144 921 2401 1016 Quare

113 1028 232 1103 Fr.
285 1033 754 1131 Heusingero
806 1031 886 1104 id
936 1032 1407 1132 potissimum
1458 1032 1830 1134 agendum
1879 1030 2043 1118 fuit,
2100 1045 2189 1103 ut
2234 1045 2435 1104 ver?
2502 1064 2506 1072 ¹

114 1166 231 1213 sus
282 1155 602 1215 tentatos
652 1169 693 1213 a
743 1142 1157 1213 Burmanni
1212 1141 1808 1216 dubitationibus
1860 1138 2278 1214 vindicaret
2322 1153 2398 1213 et

115 1251 389 1351 singula
437 1252 674 1324 verba
725 1249 1242 1352 dictionesque
1306 1251 1477 1323 satis
1557 1253 1886 1324 Latinas*
1926 1277 2077 1324 esse
2152 1277 2401 1323 exem-

115 1358 249 1456 plis
299 1359 844 1462 comprobaret.
899 1359 1573 1434 Emendationibus
1624 1365 1775 1434 suis
1827 1363 2078 1433 sinon
2110 1359 2398 1460 ubique

117 1494 269 1542 rem
305 1497 461 1544 «acu
490 1471 769 1570 tetigit,
822 1496 975 1542 non
1013 1470 1342 1543 multum
1388 1483 1637 1544 tamen
1688 1500 1729 1543 a
1782 1485 1961 1543 v'ero
2006 1470 2398 1542 aberravit.

115 1579 340 1653 Patris
390 1581 714 1680 vestigia,
770 1581 874 1652 uti
927 1606 1064 1680 par
1114 1593 1304 1668 erat,
1376 1582 1641 1679 pressit
1705 1581 1927 1654 Conr.
1996 1582 2402 1681 Heusinge-
2468 1578 2472 1590 “

117 1712 239 1759 rus
290 1691 365 1761 in
418 1689 746 1763 editione
798 1716 967 1781 sua3
1021 1717 1481 1791 quamquam
1531 1718 1705 1763 eum
1754 1698 1828 1762 in
1873 1691 2255 1766 nonnullis
2284 1691 2398 1765 illi

116 1797 354 1873 minus
405 1797 881 1900 obedientem
929 1798 1153 1872 fuisse
1203 1799 1481 1872 malim.
1550 1801 1638 1871 In
1692 1826 1819 1874 sex
1870 1816 2241 1904 septemve
2294 1801 2401 1875 lo-

121 1905 218 1977 eis
265 1909 700 1982 suas'etiam
751 1907 1307 2012 emendationes
1361 1908 1720 1983 exhibuit.
1792 1901 2150 2014 'Denique
2202 1900 2399 1986 Len-

118 2017 372 2115 nepius
423 2018 669 2091 sobria
723 2031 796 2089 et
848 2017 1203 2118 prudenti
1256 2021 1543 2093 ratione
1610 2019 1719 2092 his
1789 2023 2140 2121 Epistolis
2192 2023 2400 2094 auxi-

119 2120 298 2198 lium
362 2128 570 2216 tulit,
635 2129 976 2227 priorum
1046 2129 1542 2230 interpretum
1603 2132 1944 2204 mutandi
2014 2146 2088 2205 et
2164 2131 2397 2205 corri-

119 2236 325 2333 gendi
384 2240 872 2312 temeritatem
920 2237 1371 2341 plerumque
1421 2239 1743 2312 feliciter
1806 2243 2085 2330 vitavit,
2170 2255 2396 2344 atque

121 2346 189 2417 in
241 2350 324 2423 iis
371 2364 662 2423 tantum
711 2350 900 2423 locis
949 2376 1214 2422 verum
1266 2376 1423 2424 non
1472 2350 1683 2439 vidit,
1714 2354 1790 2424 in
1842 2353 2119 2454 quibus
2171 2353 2252 2427 id
2301 2381 2394 2428 ex

121 2455 431 2532 editione
481 2462 745 2559 princ„
799 2486 1028 2560 quam
1091 2485 1244 2532 non
1307 2459 1590 2550 habuit,
1655 2462 1898 2534 solum
1962 2464 2193 2564 repeti
2265 2491 2397 2566 po-

121 2575 271 2636 test.
325 2570 619 2672 Reliqui
673 2572 1114 2671 interpretes
1165 2584 1239 2642 et
1287 2569 1610 2645 editores
1661 2572 1771 2644 his
1822 2572 2074 2646 Sabini
2128 2577 2395 2674 carmi-

118 2672 330 2748 nibus
372 2693 502 2751 aut
551 2706 821 2779 parum
871 2693 999 2751 aut
1049 2678 1238 2752 nihil
1288 2681 2269 2781 profuerunt.*)-Verum
2305 2700 2393 2759 ut

154 2859 217 2935 ²¹²)
259 2858 564 3006 Ιίξεέιέἱωῐ
593 2865 941 2928 Burmanni
976 2878 1281 2965 ‘textum‘
1325 2870 1734 2969 repetierunt
1789 2869 2130 2951 Fischerus
2219 2870 2425 2953 Ltps„

269 3021 348 3080 W
361 2947 681 3117 prinsiimifi
687 2948 1061 3110 7332'31813
1055 2973 1137 3091 de
1143 2952 1372 3101 εἰὶξὲὲῗ)
1382 2961 1483 3092 „gl
1509 2954 1568 3100 (1.
1577 2955 1798 3107 §33:728
1809 2955 1910 3093 tei}
1919 2954 2201 3093 1·ξὲἓὲθὶ
2213 2954 2389 3128 berg,

267 3105 585 3200 (yicnnae
653 3110 893 3190 1807.).’
951 3113 1125 3174 idem
1195 3114 1353 3174 fecit
1407 3115 1867 3177 Mitscherlich.
1952 3116 2097 3197 (qui
2173 3114 2390 3178 ovid!i

266 3184 572 3263 Epistolis
616 3200 746 3251 tam
793 3196 1185 3256 fructuosam
1237 3215 1429 3277 opem
1489 3199 1669 3277 tulit)
1717 3200 1776 3258 in
1840 3196 2123 3258 editione
2179 3198 2390 3279 prima

263 3266 650 3361 (Gpttingae
697 3274 922 3349 1796.),
984 3298 1057 3337 ex
1160 3301 1238 3339 ua
1293 3275 1615 3341 fluxerunt
1677 3278 1819 3341 edd.
1878 3278 2387 3340 Tauchnitiflnfle

251 3346 467 3428 (Lups.
516 3355 714 3432 1812„
759 3355 936 3422 1815.
979 3366 1048 3418 et
1089 3364 1117 3426 1
1168 3361 1299 3438 20.)
1344 3370 1413 3420 et
1452 3360 2123 3445 Baumgarten-Crusii
2216 3360 2389 3441 Lips.

260 3426 491 3513 1824).
541 3438 606 3495 ln
650 3435 930 3497 secunda
977 3448 1188 3502 autem
1237 3443 1570 3503 nonnullas
1613 3442 1930 3522 Lennepii
1987 3462 2169 3502 emen
2222 3442 2388 3500 atio-

262 3530 372 3569 nes
424 3518 688 3599 recepit.
737 3518 922 3578 Hunc
964 3528 1205 3581 textum
1248 3523 1641 3585 verbotenus
1678 3524 1934 3585 exhibet
1966 3521 2063 3585 ed·
2094 3520 2385 3582 Ttmcbn·

267 3592 464 3672 1825„
527 3600 630 3658 cui
686 3601 831 3659 Ant.
886 3601 1302 3699 Richterus,·
1339 3606 1487 3697 quia
1557 3605 2048 3689 typothetarum
2105 3602 2385 3694 P¹²¹5²¹J³⁵

269 3680 568 3759 correxit,
612 3701 845 3747 nomen
887 3702 1072 3749 suum
1113 3684 1453 3771 inscripsit.
1496 3687 1759 3751 Anxurus
1804 3686 1900 3763 (in
1944 3684 2045 3749 ed.
2084 3679 2386 3746 Lemanrii
