2709 4675
189 218 322 284 Lxxvt
566 219 1003 283 PROOEMIUM.

190 346 272 449 lege
300 363 492 424 teneretur
530 350 824 452 elegantiamque
857 364 1056 452 spectaret,
1089 351 1198 426 facile
1234 350 1319 425 fieri

188 461 323 566 pot‘uit,
348 485 392 545 ut
415 474 562 572 poetico
587 487 696 574 poeta
719 471 833 548 modo
859 499 929 575 pro
965 474 1116 576 speciali
1147 500 1191 550 ae
1230 469 1320 577 pro-

189 592 274 690 prio
298 596 449 668 nomine
473 594 691 696 generalius,
725 591 912 696 Epistola,
945 596 1158 696 usurparit3
1192 625 1320 699 quum

190 718 410 814 praesertim
435 717 534 790 illius
568 743 698 792 versus
730 719 951 791 sententiam
982 718 1091 791 latius
1124 744 1318 820 exponens

191 837 428 939 adiungeret:

375 974 524 1056 Ignotum
546 974 610 1036 hoc
630 975 698 1036 aliis
720 975 773 1035 ille
796 975 925 1037 novavit
945 996 1025 1057 opus
1046 1012 1105 1052 -,

191 1079 442 1152 necomnino
467 1078 556 1167 ulla,
583 1106 680 1180 quae
713 1081 948 1182 potissimum
978 1082 1171 1182 Epistolae
1203 1083 1317 1184 signi-

190 1197 404 1288 ficarentur,
429 1200 636 1275 obscuritas
660 1215 726 1275 aut
750 1203 969 1302 ambiguitas
994 1200 1148 1290 adesset,
1164 1203 1316 1301 Episto-

137 1385 142 1392 .
190 1321 239 1393 lis
264 1347 318 1394 ex
349 1324 489 1412 Ponto,
526 1349 648 1424 quum
685 1328 819 1398 Artem
852 1337 1103 1424 componeret,
1138 1324 1316 1399 nondum

132 1426 137 1434 '
191 1443 303 1517 scau
329 1446 479 1545 coepas.
516 1444 611 1519 uias
638 1444 1062 1546 quamaxumum
1102 1444 1232 1519 Ovidii
1266 1446 1314 1520 aa

191 1564 301 1640 titulo
326 1561 464 1640 horum
488 1568 700 1640 carminum
722 1594 800 1641 non
825 1568 942 1668 magis
967 1594 1037 1668 pro
1064 1582 1166 1641 certo
1200 1571 1313 1642 statui

187 1710 293 1786 posse
316 1686 478 1777 videtur,
505 1713 620 1788 quam
643 1691 672 1761 si
699 1691 783 1790 quis
809 1715 855 1761 ex
879 1688 960 1761 aliis
986 1700 1115 1790 poetae
1139 1689 1244 1777 locis,
1274 1691 1313 1762 in

188 1809 326 1909 quibus
353 1811 433 1884 Ars
457 1812 654 1884 Amatoria
676 1824 741 1884 aut
765 1810 984 1911 simpliciter
1008 1815 1089 1886 Ars
1125 1825 1190 1885 aut
1231 1817 1314 1886 Ars

191 1935 344 2005 Amoris
369 1931 588 2034 appellatur,
616 1933 697 2006 illos
723 1932 838 2007 libros
863 1930 1066 2007 concludat
1090 1945 1155 2004 aut
1177 1934 1314 2005 Artem

188 2067 252 2127 aut
278 2055 412 2128 Artem
447 2057 602 2128 Amoris
630 2080 707 2128 esse
739 2054 1005 2130 inscribendos.
1044 2056 1311 2156 inscriptiones

183 2175 392 2249 multorum
418 2175 626 2250 librorum:
653 2179 841 2252 Heroides
882 2181 958 2249 siae
999 2175 1208 2277 Epistolas,
1249 2173 1309 2247 vel

138 2303 141 2308 ’
187 2298 378 2398 Epistoiae
402 2302 478 2372 siae
503 2300 704 2389 Heroides,
738 2313 838 2373 certe
864 2298 1013 2403 serioris
1046 2310 1134 2371 sunt
1167 2298 1309 2384 aetatis,

189 2435 232 2492 ut
256 2418 473 2495 huiusmodi
501 2421 670 2524 duplices
697 2423 954 2524 inscriptiones
978 2418 1079 2522 apud
1115 2418 1310 2493 Platonem

188 2541 277 2638 (vid.
304 2542 345 2614 F.
372 2545 417 2615 A.
443 2544 554 2619 Wolf
574 2544 623 2641 ad
647 2546 809 2619 Platonis
834 2544 987 2617 Conviv.
1015 2543 1053 2616 in
1078 2544 1250 2615 Prooem.
1274 2556 1309 2615 et

185 2691 307 2738 meam
332 2664 494 2739 adnotat.
519 2666 569 2740 ad
592 2666 754 2741 Platonis
786 2667 933 2739 Menex.
966 2693 1002 2767 p.
1037 2667 1113 2761 56.)
1144 2692 1224 2738 non
1262 2664 1308 2773 ab

186 2789 265 2889 ipso
289 2790 469 2890 scriptore
495 2815 572 2863 esse
598 2802 750 2863 constat.
773 2789 872 2863 Vera
898 2789 1014 2887 igitur
1039 2788 1231 2888 inscriptio
1255 2788 1307 2861 vi·

188 2911 315 2984 ‹latur-
329 2937 405 2985 esse
420 2911 497 2985 ¹vel
530 2913 716 2985 Heroides
750 2911 810 2984 vel
845 2911 1040 3011 Epistoloe
1078 2910 1300 2982 Heroidum.

185 3035 281 3108 Meo'
296 3034 451 3108 arbitrio
477 3033 772 3107 inscriberentur
797 3032 988 3133 Epistolae
1021 3032 1234 3105 Heroidum
1271 3041 1308 3100 et

186 3173 340 3261 propter
365 3157 654 3257 inscriptionem,
667 3182 763 3257 quae
788 3179 892 3226 nunc
915 3153 1030 3253 vulgo
1055 3151 1307 3253 singulisEpi-

188 3278 290 3352 stolis
314 3275 543 3379 praeligitur,
572 3275 740 3377 Epistola
776 3275 825 3361 I.,
856 3275 928 3361 H„
962 3276 1055 3363 111,
1090 3286 1171 3360 etc,
1211 3299 1305 3375 quae

190 3401 406 3475 recentioris
431 3398 607 3499 temporis
643 3410 707 3484 est,
738 3397 872 3469 necin
898 3395 983 3469 ullis
1015 3394 1211 3470 codicibus
1244 3422 1306 3469 ne-

182 3552 263 3628 xque
285 3526 324 3596 in
348 3521 537 3597 veteribus
563 3519 789 3606 editionibus
824 3519 1022 3618 reperitur,
1062 3531 1175 3618 atque
1212 3519 1306 3594 illud

186 3649 230 3720 H
235 3670 325 3719 ano
351 3660 418 3717 tua
440 3642 630 3744 Penelope
654 3642 771 3742 Epist.
799 3640 826 3730 l,
858 3667 900 3728 1„
927 3653 964 3712 et
987 3666 1076 3712 vero
1094 3643 1206 3714 etiam
1223 3669 1305 3745 pro-

186 3782 271 3871 pter
296 3768 406 3840 illum
423 3766 557 3838 locum
580 3765 682 3837 Artis
707 3764 928 3835 Amatoriae.
980 3760 1110 3861 Neque
1136 3765 1169 3835 ei
1197 3763 1303 3837 titulo

187 3888 583 4011 repugnareridetur,
616 3883 721 3985 quod
751 3885 873 3987 magni
905 3884 944 3956 in
984 3880 1052 3955 hae
1091 3889 1303 3984 quaestione

181 4028 238 4087 est
263 4011 455 4100 momenti,
481 4007 739 4083 testimonium
758 4006 937 4080 Prisciani
955 4004 1066 4078 illud:
1097 4006 1256 4082 Ouidius
1269 4013 1304 4082 in

180 4135 426 4211 Heroidibas.
471 4133 567 4206 Nam
596 4156 727 4231 quum,
766 4133 806 4200 io
845 4127 1039 4224 Epistolis,
1075 4128 1302 4227 simpliciter,

177 4284 311 4357 anceps
341 4268 445 4343 esset,
473 4265 628 4354 propter
653 4252 740 4324 alias
765 4263 892 4349 poetae
918 4249 1116 4351 Epistolas,
1140 4276 1160 4321 e
1187 4256 1302 4329 Ponto
