2709 4675
378 249 816 330 raooauruu
972 228 976 234 ’
1088 248 1162 310 um

58 388 111 448 aut
131 375 372 453 vehementer
396 378 517 469 fallor,
545 395 620 470 aut,
647 381 824 476 omnibus
853 383 923 455 rite
960 381 1163 482 perpensis,

57 494 149 598 leuge
184 499 420 598 probabilius
451 502 572 577 videri
604 502 728 594 (lebet,
769 504 989 605 scriptorem
1028 501 1165 575 harum

56 617 297 720 Epistularum
322 649 399 696 esse
425 623 617 714 Ovidium,
657 652 772 727 quam
803 624 1017 726 neglectum
1046 623 1093 696 ab
1119 649 1164 695 eo

13 765 15 826 ,
56 757 326 843 argumentum,
342 744 448 847 quod
474 748 507 819 ei
532 760 610 849 tam
634 748 791 821 uberem
811 748 962 821 ollerret
977 746 1165 845 ingeniose

56 862 198 938 ludendi
223 866 498 970 argutandique
530 871 740 943 materiem:
775 868 962 970 siquidem
986 894 1073 941 =non
1099 880 1164 954 est,

56 1001 92 1059 ut
113 1014 262 1063 omnem
288 1018 370 1064 eam
394 984 605 1066 exhausisse
631 991 881 1066 Callimachus
896 1005 1060 1094 putetur,
1087 1004 1166 1063 arte

56 1138 158 1212 (poam
184 1115 334 1216 ingenio
359 1116 495 1212 melior
518 1129 639 1217 poeta,
665 1116 774 1188 cuius
800 1116 911 1187 etiam
921 1116 1164 1215 poematium,

13 1217 15 1306 J
56 1234 222 1337 Cydippe,
246 1236 361 1338 ¹quale
385 1237 511 1328 fuerit,
537 1238 624 1312 satis
646 1236 707 1309 vel
733 1234 920 1337 hodieque
957 1213 1165 1309 existimare

57 1385 243 1460 possumus
285 1386 331 1433 ex
355 1360 583 1434 ,Aristaeneti
617 1358 664 1431 de
697 1358 831 1433 iisdem
866 1360 937 1436 illis
975 1360 1166 1434 amoribus

57 1480 208 1580 Epistola
235 1479 263 1570 l,
295 1506 362 1571 ro,
388 1508 465 1584 qua
488 1479 690 1583 sophistam
717 1481 826 1555 illum
840 1482 1058 1584 Callimachi
1075 1485 1163 1557 Ele-

58 1627 111 1700 gos
133 1604 171 1674 in
195 1597 409 1703 pedestrem
441 1606 649 1678 orationem
683 1602 890 1677 dissolvisse
923 1603 1071 1705 pridem
1100 1604 1167 1694 do-

57 1738 205 1797 cuerunt
244 1726 440 1800 Mercerus
470 1725 516 1800 ad
549 1726 769 1799 Aristaeneti
796 1723 832 1798 d.
860 1726 896 1815 l.,
925 1721 1167 1799 Hemsterhu-
1274 1720 1278 1728 ’

56 1846 120 1918 sius
143 1844 192 1918 ad
217 1848 386 1946 Propert.
413 1847 608 1946 l,218,52.‚
636 1847 1058 1921 PiersoniusVerisimil.
1076 1847 1166 1934 l,‘8·‚

55 1965 238 2062 lluhnlreu.
275 1965 325 2040 ad
354 1968 499 2042 Callim.
527 1970 796 2071 Eragmentum
829 1970 926 2041 inter
950 1968 1166 2042 Bentleiaua

60 2089 140 2186 adp,
166 2086 455 2164 Valckenaerius
479 2090 778 2166 Adnotationum
802 2093 842 2164 iu
867 2091 1039 2191 Elegiaca
1056 2089 1167 2164 Calli-

53 2209 213 2284 machia
241 2214 404 2286 Luzacio
430 2212 616 2286 editarum
647 2240 684 2314 p.
717 2216 799 2287 215.
831 2214 1017 2289 Nasonem
1041 2214 1166 2314 igitur,

54 2359 158 2434 quem
172 2350 210 2409 et
223 2335 297 2409 alia
309 2334 537 2408 aemulatum
548 2337 721 2409 novimus
736 2335 964 2429 Callimachi,
981 2338 1021 2413 id
1033 2342 1168 2440 ipsum,

54 2458 88 2530 ui
110 2456 235 2552 fallor,
261 2461 416 2533 incitare
442 2456 584 2548 debuit,
611 2472 664 2552 ut,
691 2485 786 2560 quae
812 2463 874 2535 ille
901 2464 940 2535 iu
965 2462 1077 2536 huius
1110 2494 1183 2539 ar·,
1246 2506 1249 2511 ·

54 2583 213 2679 gumenti
238 2585 457 2663 tractatione
485 2581 604 2655 levius
636 2584 822 2685 attigisset,
865 2614 907 2660 ea
941 2588 1017 2687 ipse
1046 2586 1169 2663 iubis

53 2705 224 2805 Epistolis
237 2705 453 2805 diligentius
470 2703 697 2778 elaboranda
710 2708 924 2807 susciperet,
950 2709 1041 2811 aliis,
1069 2738 1167 2812 quae

53 2829 182 2926 optime
208 2830 282 2901 iam
308 2824 556 2931 Callimachus
580 2838 781 2916 tractasset,
821 2826 868 2901 de
902 2828 1085 2903 industria
1110 2858 1168 2904 re-

53 2944 151 3021 lictis.
191 2949 287 3022 Nam
319 2962 363 3021 ut
384 2942 586 3022 ‘auctorem
619 2947 755 3024 harum
779 2950 1033 3050 Epistularum
1057 2952 1168 3025 Calli-

50 3070 195 3145 machea
220 3071 350 3172 legisse
377 3072 604 3172 comparatio
631 3097 762 3144 earum
778 3097 875 3167 *cum
902 3072 1166 3147 Aristaeneteis

50 3188 149 3265 laeile
174 3194 331 3282 evincat,
370 3195 420 3266 ita
457 3193 698 3267 manifestum
729 3192 860 3271 eadem
885 3210 921 3268 et
947 3193 1018 3303 hoe
1042 3196 1165 3286 faeiat,

45 3311 140 3388 aliud
165 3314 384 3390 Callimachi
410 3298 621 3406 consilium,
660 3316 766 3391 aliud
782 3322 783 3329 ’
798 3319 990 3418 scriptoris
1022 3319 1159 3395 harum

47 3429 295 3534 Epistularum
319 3436 471 3511 fuisse.“
494 3440 684 3513 Hactenus
710 3441 792 3513 Van
816 3442 981 3541 Lennep.

111 3560 235 3649 Addo,
261 3574 504 3661 comparetur
528 3559 718 3661 Epistulae
741 3561 831 3635 XX.
856 3556 986 3638 versus
1011 3566 1088 3658 tu:

219 3687 320 3768 Inque
342 3685 391 3746 tui
412 3688 517 3768 cupido
536 3697 623 3767 rapta
631 3688 736 3765 serere
754 3690 822 3749 sinu
843 3675 884 3734 .·.‘.

47 3798 130 3851 cum
153 3780 234 3854 Art.
261 3782 306 3853 Α.
332 3780 363 3868 Ι,
393 3781 493 3855 12&
595 3770 599 3781 ’

218 3909 372 3969 Sublatam
391 3907 496 3986 cupido
516 3899 567 3963 vir
587 3904 654 3967 tulit
673 3899 742 3983 ipse
762 3904 836 3966 sina
926 3980 932 3990 ι

44 3990 179 4071 Versus
203 4002 282 4072 8o.:

219 4111 285 4169 lam
306 4105 427 4185 dudum
448 4109 587 4187 άοηιίῃαθ
608 4130 689 4170 more
708 4108 807 4171 venire
827 4111 891 4171 iube
910 4140 951 4154 ·-
973 4183 978 4197 Ι

45 4220 130 4278 cum
152 4204 272 4304 Epist.
297 4200 365 4291 Ill,
397 4198 474 4291 154.

106 4346 110 4350 -
220 4312 294 4374 Sira
316 4330 435 4401 munes,
456 4314 572 4376 domini
591 4334 673 4376 more
695 4314 795 4375 venire
815 4313 888 4376 iate.
