2709 4675
438 0 810 64 Adiiciam
859 12 1124 62 cursus
1174 13 1327 61 non
1376 0 1698 63 tenuisse
1748 0 1963 64 suos(

341 101 510 203 Ipse
556 113 766 201 pater
814 96 1133 187 Cebren,
1183 110 1395 171 natae
1445 99 1636 172 male
1684 112 1891 173 tutus
1933 96 2029 169 ab
2078 120 2234 185 ore,

443 210 790 285 cantatas
833 209 1125 311 quoties
1172 206 1440 282 restitit
1488 208 1685 283 inter
1731 212 2000 310 aquas!

425 407 682 463 Carmina
721 407 812 463 vel
867 407 1026 461 coelo
1081 413 1313 478 possunt
1362 406 1461 469 de-

941 484 1140 538 ducere
1174 485 1380 541 lunam.

353 576 580 638 Horat.
624 572 835 658 Epod.
876 572 940 653 5,
979 570 1079 640 45.

427 678 589 751 Quae
674 675 856 729 nidera
946 680 1236 729 excantata
1321 689 1459 727 voce

1095 750 1382 817 Thessala,

502 832 826 902 Lunamque
867 830 1026 883 coelo
1072 828 1294 900 deripit.

349 916 563 1002 Epod.
607 918 708 994 17,
749 919 809 983 2.
851 911 912 984 4.
952 919 1012 983 5.

432 1047 509 1059 -
548 1034 646 1070 oro
686 1032 850 1088 regna
890 1034 989 1087 per
1026 1016 1381 1086 Proserpinae

431 1098 537 1151 Per
579 1103 747 1166 atque
788 1094 961 1147 libros
1012 1096 1309 1147 carminum
1362 1110 1459 1145 va-

1145 1170 1383 1222 lentium
1422 1196 1427 1205 ·

430 1250 626 1304 Defixa
668 1248 825 1302 coelo
860 1246 1127 1301 devocare
1166 1246 1345 1299 sidera
1388 1277 1455 1289 —

237 1378 247 1381 >
352 1338 499 1418 (nbi
543 1336 670 1398 vid.
709 1336 1094 1415 Mitscberl.)
1137 1339 1204 1396 et
1225 1334 1324 1401 77.
1360 1334 1457 1401 78.

356 1420 594 1482 Tibull.
639 1421 685 1496 Ι,
725 1419 786 1495 2,
825 1415 929 1485 43-

434 1521 594 1575 Hanc
647 1536 748 1592 ego
812 1518 881 1571 de
940 1517 1098 1571 coelo
1163 1514 1458 1570 ducentem

1023 1594 1200 1648 sidera
1242 1594 1378 1647 vidi.

352 1683 502 1746 vid.
559 1683 796 1743 Lucan.
850 1681 956 1755 vl,
1015 1680 1178 1757 499„
1225 1681 1336 1741 Sil.
1383 1682 1455 1740 lt.

358 1764 528 1839 vm,
568 1766 708 1831 501.
750 1764 880 1824 Nec
925 1783 1081 1822 vero
1125 1778 1277 1829 tecta
1317 1770 1458 1822 erat

356 1844 636 1908 nubibus
680 1852 847 1919 luna,
886 1865 1034 1905 cum
1091 1843 1458 1906 deduceba-

357 1936 500 1998 tur-3
585 1927 778 1986 immo
857 1927 1072 2008 potius
1159 1948 1230 1986 ex
1315 1926 1455 2005 ipso

357 2016 621 2090 aspectu
665 2009 818 2082 eiuS‚
873 2007 1047 2090 quod
1105 2007 1274 2066 illam
1331 2026 1455 2086 pro

357 2112 587 2151 serena
629 2086 928 2171 pallidam
975 2097 1084 2148 aut
1126 2085 1458 2169 sanguinei

359 2171 596 2233 coloris
640 2172 1080 2243 observarent,
1127 2189 1458 2251 magorum

358 2274 499 2313 eam
521 2251 906 2321 carminibus
945 2248 1175 2311 deduci
1205 2258 1455 2310 veteres

356 2334 548 2415 vulgo
600 2332 1005 2415 colligebant.
1063 2330 1206 2391 Vid.
1265 2327 1454 2390 ovid.

355 2417 576 2474 Amor.
651 2416 722 2488 ll,
784 2417 841 2488 1,
895 2415 1018 2489 23„
1058 2414 1118 2487 5,
1171 2413 1271 2478 37.
1326 2412 1458 2470 Lu·-

360 2517 500 2556 can.
544 2496 649 2569 VI,
690 2496 829 2569 δα).
873 2515 1048 2576 seqq.
1093 2495 1175 2552 At
1217 2499 1456 2557 nubibus

357 2599 579 2661 magae
624 2583 819 2640 diem
857 2580 1261 2659 surripiebam,
1306 2580 1457 2640 Solis

359 2684 535 2743 equos
564 2660 839 2744 ⁸tenebris
894 2664 1202 2732 abdebant,
1258 2661 1460 2720 nubila

359 2741 615 2815 (coelo)
633 2739 1044 2811 inducebant,
1062 2743 1253 2802 calido
1265 2745 1462 2801 Phoe·-

358 2829 429 2886 bo
465 2827 915 2900 praeducebant.
957 2818 1308 2884 Vid.0vid.
1336 2820 1458 2900 Ep.

358 2905 466 2977 vl,
505 2905 627 2982 86.‚
667 2905 925 2963 Metam.
969 2902 1102 2977 Vll,
1145 2902 1456 2974 202.‚Lu-

361 3006 500 3046 can.
548 2986 654 3061 Vl,
694 2981 835 3050 466.
911 2984 1003 3044 Ut
1044 2991 1258 3042 autem
1300 2988 1457 3046 dt'em

359 3071 600 3130 nubibus
635 3072 978 3147 surripuisse
1020 3065 1289 3124 Oenone
1329 3064 1453 3123 .hic

363 3147 640 3224 dicitur,
722 3148 808 3225 ita
873 3146 1044 3229 apud
1107 3147 1282 3228 Virg.
1360 3153 1455 3206 est

360 3233 520 3290 Aen.
566 3230 611 3304 Ι,
653 3230 781 3296 88.;

437 3325 695 3396 Eripiunt
718 3325 904 3380 subito
930 3327 1103 3380 nubes
1133 3326 1460 3398 coelumque

1105 3404 1379 3477 diemque.

363 3491 765 3557 Burmannus
810 3494 1114 3587 malebat:
1145 3564 1155 3572 ,

1606 407 1815 463 Tecum
1852 402 2123 459 sideribus
2183 405 2436 458 cinctam
2477 402 2626 457 ded·-

2064 487 2209 534 cere‘
2231 482 2459 536 Lunam
2499 510 2568 522 —

1535 589 1609 649 iis
1651 586 1732 649 de
1774 587 1976 662 Luna,
2005 584 2310 646 satellitio
2349 588 2534 668 quasi
2559 587 2625 646 si-

1535 668 1764 731 derum
1835 668 2065 740 cincta,
2136 664 2401 742 additis,
2483 688 2622 751 quae

1534 751 1750 813 nescio
1792 771 1869 811 an
1916 748 1996 809 ad
2039 747 2211 807 hunc
2252 748 2481 809 locum
2512 770 2621 810 non

1532 833 1926 917 pertineant.
2007 834 2195 894 Lame.

1614 943 1715 1010 85·
1777 949 2115 1008 Pascebam.
2194 943 2362 1003 Ven.
2430 941 2620 1009 Νῶε

1534 1030 1880 1102 pascebant,
1896 1025 2126 1087 etVen.
2145 1022 2327 1088 1492.
2343 1048 2402 1083 v.
2423 1045 2590 1105 seqq.
2604 1050 2618 1080 :

1537 1111 1857 1188 Obstupuit.
1899 1109 1998 1165 De
2041 1125 2114 1166 re
2156 1105 2285 1165 vid.
2332 1105 2415 1166 ad
2457 1105 2620 1166 Ovid.

1535 1188 1740 1272 Epist.
1782 1186 1889 1262 Vl,
1925 1186 2026 1253 85.

1611 1300 1717 1366 89·
1778 1306 1907 1383 Ipse
1943 1315 2110 1384 pater
2150 1302 2367 1365 Cebren
2382 1337 2469 1348 —
2487 1316 2619 1368 tulus

1532 1390 1609 1447 ab
1646 1407 1764 1448 ore.
1808 1382 2016 1456 (vett.
2060 1381 2237 1442 edd-2
2280 1390 2418 1464 Ipse
2452 1399 2621 1467 pater,

1532 1489 1638 1530 seu
1720 1463 1955 1544 [Vinc.,
2017 1464 2162 1524 Mic.
2226 1474 2294 1524 et
2363 1466 2616 1524 Bel-sm:

1534 1547 1669 1627 ceu]
1713 1572 1837 1611 rem
1877 1561 2064 1610 natae·
2104 1552 2257 1609 male
2310 1561 2475 1609 tutus
2524 1553 2619 1609 ha·

1534 1634 1731 1702 beret.)
1775 1627 1905 1687 Diu
1931 1649 2032 1686 me
2072 1631 2359 1686 exercuit
2410 1628 2510 1687 hic
2543 1628 2618 1686 Ιο-
2663 1662 2665 1675 =

1538 1729 1646 1769 cus
1704 1716 1771 1768 et
1845 1707 2103 1790 quidem
2174 1708 2453 1778 frustum
2519 1718 2665 1779 nec}

1538 1798 1751 1850 tamen
1798 1789 2005 1849 defuit
2061 1810 2405 1849 successus.
2465 1789 2617 1848 scri·

1537 1881 1719 1954 ptum
1766 1871 1980 1931 fuerat
2020 1869 2230 1949 primo
2260 1893 2293 1929 a
2325 1869 2614 1929 librariis:
2663 1885 2665 1941 ᾗ

1534 1960 1668 2037 Ipse
1718 1968 1886 2034 paler·
1942 1976 2049 2016 eeu
2113 1977 2261 2029 rem,
2317 1950 2491 2009 unde
2528 1972 2616 2013 scu
2663 1984 2665 1993 ·

1537 2061 1663 2100 rem
1720 2042 1939 2116 postea
2004 2033 2265 2107 factum,
2332 2050 2477 2091 cum
2545 2028 2616 2087 nil

1542 2117 1777 2176 mutari
1854 2113 2188 2182 debuerit3
2268 2112 2613 2194 promiscue
2663 2121 2665 2181 ξ

1540 2198 1709 2258 enim
1753 2195 1916 2256 duae
1962 2197 2114 2254 istae
2163 2194 2388 2253 iiten-ae
2423 2218 2463 2256 u
2498 2200 2555 2252 et
2590 2195 2617 2250 b
2663 2192 2665 2242 !

1538 2279 1712 2339 inter
1736 2298 1800 2340 se
1839 2274 2347 2339 confunduntur.
2382 2280 2498 2342 Ceu
2529 2295 2615 2335 rm

1538 2359 1736 2441 igitur
1805 2381 1927 2441 pro
1998 2362 2242 2434 Cebren,
2313 2354 2612 2440 quomodo
2663 2357 2665 2430 ξ

1537 2446 1836 2503 Oenones
1886 2448 2073 2521 pater
2116 2438 2343 2499 dictus.
2390 2433 2613 2496 Deinde
2663 2450 2665 2475 ¹

1537 2545 1661 2604 pro
1697 2529 1926 2586 haberet
1955 2520 2247 2602 suspicor
2286 2527 2498 2584 habore.
2528 2514 2609 2571 vel
2663 2524 2665 2598 j

1540 2611 1781 2670 haberet
1822 2611 2141 2663 exaratum
2177 2602 2392 2673 fuisse,
2424 2597 2610 2658 addita
2663 2615 2665 2654 ῑ

1543 2695 1787 2747 temere
1832 2684 2221 2766 aspiratione
2250 2681 2408 2762 (vid.
2447 2698 2609 2757 supr-1

1543 2768 1625 2830 ad
1666 2790 1724 2827 v.
1765 2767 1921 2840 66.).
1965 2769 2182 2842 Quare
2244 2763 2457 2823 omnia
2508 2761 2610 2816 iam
2663 2772 2665 2776 '

1760 2848 2086 2930 erspim¹a‚'
2110 2845 2162 2905 si
2194 2844 2460 2927 refingas
2487 2858 2610 2899 vet-
2663 2893 2665 2928 ÷

1769 2951 1846 2991 oc
1890 2926 2117 2988 modo:

1543 2851 1672 2910 sint

1539 2953 1678 2992 sum

1613 3068 1738 3134 Ipse
1777 3070 1934 3135 pater
1976 3061 2215 3123 Cebren,
2274 3067 2438 3110 natae
2488 3052 2609 3105 male

2010 3146 2164 3189 tutus
2207 3136 2276 3188 ab
2321 3152 2414 3188 ore
2454 3143 2548 3186 etc.

1544 3246 1905 3306 Cebrenem
1992 3248 2299 3306 Oenones
2384 3250 2608 3324 patrem

1507 3328 1733 3413 ,fuisse
1780 3333 2099 3386 testantur
2137 3325 2514 3385 Parthenius
2559 3320 2606 3375 in

1546 3408 1826 3471 Eroticis
1878 3428 1931 3467 c.
1991 3405 2074 3481 4.,
2143 3404 2435 3488 Apollod.
2505 3402 2605 3464 ill-2

1544 3489 1867 3579 Lycophr.
1889 3486 2295 3551 Scholiastes.
2317 3484 2604 3550 flincNae‘s
