2709 4675
149 209 222 283 sst
500 205 795 281 EPISTOLA
824 207 915 284 XV.

150 360 266 442 syllaba
281 361 413 440 partitur,
432 360 520 421 ellam
539 361 572 420 in
591 359 742 420 communi
758 379 893 421 sermone
909 379 1012 440 prosae
1037 361 1173 423 similiter
1196 365 1292 444 prose-

149 467 261 526 rebant.
281 468 328 527 lta
349 469 423 527 dum
442 467 595 528 obaaruaat
611 486 711 544 prosa,
730 475 759 526 ct
778 487 879 527 versuo
904 468 1032 528 obb'nuit
1061 470 1212 530 Paulatim
1237 473 1292 530 boc

149 573 354 648 nunciaverat,
371 584 403 633 ut
422 574 454 633 in
474 594 607 634 samone
627 557 697 644 boc,
714 572 844 646 scribo,
863 574 902 634 di
909 593 961 645 co,
980 573 1098 633 etitem
1118 574 1233 646 talibrtr,
1247 574 1294 634 nti

148 696 210 736 non
237 681 333 738 solum
363 690 497 758 correpta
514 681 644 758 partitur,
663 681 714 738 sed
734 679 823 738 etiam
838 678 980 739 ricbeubu
1000 679 1048 752 sit,
1071 680 1123 756 qui
1140 700 1207 738 cam
1224 700 1293 757 pro-

145 782 272 842 duxerit
292 780 428 860 (Scabra
450 779 530 839 haec
551 800 628 856 esse,
647 800 743 840 nemo
765 800 830 839 non
860 781 974 840 sentit:
1001 781 1143 861 corrigo,
1175 780 1292 860 partim

146 906 183 945 ex
202 884 364 947 Diomede
383 907 416 967 p.
436 881 519 963 430,
542 886 596 967 qui
620 884 800 946 Charisium
822 884 995 966 exscripsit,
1013 884 1134 966 partim
1155 905 1192 944 ex
1216 906 1294 945 coo·

146 991 286 1051 iectura:
309 999 460 1058 Paulatim
479 999 537 1056 boe
557 1015 627 1055 usur
647 997 773 1068 invertit,
792 1005 823 1054 ut
834 993 870 1054 in
879 1016 1012 1057 samone
1028 989 1086 1055 boc
1098 990 1133 1071 [ἰ.
1146 1011 1173 1050 e·
1184 992 1294 1073 prosa]

142 1103 175 1163 in
195 1104 332 1177 scribo,
352 1106 449 1175 dico,
478 1104 593 1164 etitem
613 1103 679 1162 aliis
698 1123 717 1161 o
737 1122 799 1161 non
817 1103 914 1162 salum
933 1113 1066 1178 correpta
1083 1114 1226 1183 ponatur,
1243 1106 1294 1162 sad

142 1209 232 1270 etiam
252 1205 322 1283 ete.)
343 1210 457 1270 Mirum
477 1228 545 1287 ergo
565 1228 626 1267 uon
652 1219 705 1282 est,
738 1208 977 1271 consuetudinem
1012 1209 1096 1286 sequi
1124 1217 1153 1267 et
1184 1228 1292 1268 versuo.

142 1318 220 1378 Sanc
240 1317 439 1400 monosyllaba
448 1316 530 1392 sere,
552 1334 742 1393 quaecunque
759 1316 792 1376 in
812 1312 915 1392 (forte
937 1293 1109 1372 delendum
1130 1317 1184 1386 in)
1205 1319 1292 1377 caba

140 1422 306 1508 aperirent
326 1446 344 1484 o
364 1424 447 1484 litera
456 1422 548 1501 finita
567 1402 632 1480 tam
649 1440 736 1481 versu
758 1441 848 1498 quam
869 1422 956 1482 etiam
971 1443 1059 1501 prosa
1079 1424 1214 1484 simililer
1223 1446 1294 1502 pro-

143 1534 264 1590 ductum
286 1531 403 1602 liabent,
416 1548 530 1589 necesse
549 1548 611 1587 non
630 1538 672 1588 est
692 1529 811 1607 corripi,
831 1538 864 1586 ut
882 1539 951 1602 sto,
970 1530 1034 1605 do,-
1055 1531 1157 1606 quoia
1176 1532 1204 1590 si
1222 1552 1294 1591 cou-

134 1638 259 1714 seratur
278 1635 374 1709 dico,
393 1653 516 1706 curro,
536 1633 653 1706 disco,
672 1634 896 1711 itemproducta
915 1655 933 1693 o
954 1635 1050 1707 litera,
1060 1636 1221 1697 diiiulicari
1238 1660 1294 1717 po-

144 1744 222 1816 terit,
242 1762 333 1820 quam
351 1743 389 1801 sit
407 1742 492 1801 aliud
515 1741 687 1813 absurdum,
706 1740 791 1800 aliud
809 1762 862 1814 per
880 1742 1057 1819 euphoniam
1074 1754 1204 1821 gratum
1226 1739 1294 1801 Sci-

143 1848 220 1908 licet
241 1852 394 1905 mntntam
417 1844 501 1903 illam
521 1862 637 1923 prosae
668 1840 823 1900 orationis
853 1843 1121 1905 consuetudinem
1150 1847 1292 1928 primum

144 1952 287 2013 omnium
307 1971 325 2013 e
346 1949 450 2033 poetis
472 1947 594 2008 Comici
617 1946 718 2007 secuti
735 1954 818 2021 sunt,
835 1947 1012 2007 communis
1029 1949 1113 2010 vitae
1132 1959 1197 2011 tum
1212 1974 1293 2034 pro-

145 2060 395 2131 nunciationem,
418 2079 513 2139 quam
534 2053 633 2113 verba
658 2053 836 2134 exprimere
867 2052 1033 2116 studentes
1064 2059 1167 2139 (conf.
1203 2061 1293 2122 Ben-

145 2166 238 2228 tlcius
261 2165 293 2224 in
316 2162 446 2246 egregio
479 2158 717 2220 Schediasmnte
747 2157 787 2218 dc
809 2159 918 2219 metris
948 2161 1183 2240 TerentianisJ:
1205 2166 1292 2226 sicut

144 2282 258 2334 contre
280 2294 297 2331 a
317 2278 464 2331 veterum
490 2287 583 2326 more
608 2263 765 2348 postremi
792 2264 935 2324 omnium
963 2280 1166 2331 recesserunt
1192 2273 1291 2356 Epici

146 2387 179 2440 et
200 2378 384 2461 quicunque
406 2372 584 2457 grandioris
606 2371 787 2455 argumenti
808 2378 934 2453 poetae.
967 2372 1051 2434 Sane
1080 2375 1112 2435 in
1142 2378 1293 2440 Lucretii

147 2482 404 2546 carminibusue
426 2500 526 2538 unum
548 2477 679 2561 quidem
698 2487 746 2538 est
766 2478 945 2559 exemplum
967 2488 1139 2561 correptae
1165 2483 1197 2542 iu
1218 2504 1298 2544 ver-

147 2593 195 2655 bis
215 2616 235 2658 0
255 2587 366 2649 finalis.
388 2587 431 2646 At
451 2584 606 2644 nonnulla
628 2584 701 2659 iam,
725 2583 783 2642 etsi
805 2605 916 2665 pnuca,
938 2584 1024 2667 apud
1047 2588 1208 2650 Catullum
1241 2611 1297 2651 ex-

148 2705 242 2759 stant.
264 2693 385 2754 Contra
404 2698 552 2751 veterum
573 2710 697 2750 morem
718 2689 955 2772 religiosissime
983 2693 1074 2754 Maro
1101 2695 1298 2755 observavit.

146 2806 213 2865 Nec
233 2800 366 2859 violavit
387 2818 460 2857 eum
486 2795 635 2855 Horatius
656 2795 688 2855 in
721 2793 808 2855 Odis.
842 2798 884 2855 At
911 2817 989 2857 vero
1018 2798 1050 2858 in
1073 2799 1299 2876 Sermonibns,

148 2907 284 2994 propius
305 2904 365 2964 illis
387 2901 427 2962 ad
448 2922 652 2961 communem
681 2897 908 2961 accedentibus
937 2923 1128 2983 sermonem,
1155 2917 1190 2968 et
1227 2915 1299 2974 vata

149 3013 258 3100 posuit
278 3009 460 3093 posteriore
483 3006 575 3067 brevi
595 3006 699 3067 Serm.
721 3008 743 3081 Ι,
772 3010 802 3083 9,
833 3006 892 3082 17,
917 3016 951 3067 et
967 3018 1139 3091 praeterea
1160 3038 1179 3077 o
1199 3014 1300 3077 finale

151 3118 314 3203 corripuit
334 3117 366 3176 in
387 3131 452 3181 veto
472 3114 573 3174 Serm.
597 3108 829 3188 1,l,104.‚in
858 3138 891 3177 eo
917 3113 1019 3174 Serm.
1047 3118 1070 3193 l,
1099 3114 1130 3194 4,
1165 3122 1238 3185 119.
1265 3130 1300 3181 et

148 3230 260 3289 sutura
281 3228 384 3289 dixero
403 3221 505 3281 Serm.
527 3220 551 3293 Ι,
571 3212 602 3293 lt,
622 3211 703 3293 104,
722 3216 808 3279 unde
830 3239 895 3280 non
916 3222 1051 3282 multum
1073 3223 1218 3306 quidem,
1241 3226 1303 3286 ali-

150 3341 306 3417 quantum
327 3338 432 3413 tamen
455 3321 615 3407 ponderis,
628 3322 759 3383 decedit
785 3335 986 3408 argumento,
1016 3350 1092 3410 quo,
1120 3329 1177 3390 sed
1210 3332 1302 3392 inter

76 3460 79 3465 ·
150 3438 221 3513 aliu,
241 3456 315 3495 usus
336 3441 385 3494 est
405 3430 567 3491 Bentleius
589 3427 629 3488 nd
655 3429 899 3491 convellendam
922 3440 1067 3495 veterem
1093 3436 1198 3497 Serm.
1222 3440 1247 3512 1,
1268 3439 1300 3506 3,

149 3539 220 3625 1140
241 3541 416 3602 lectionem
435 3560 601 3621 peccavero,
627 3534 739 3595 ultima
764 3535 866 3597 brevi.
893 3537 1038 3600 Tibullus
1070 3563 1136 3603 uno
1168 3551 1302 3603 tantum

149 3646 183 3707 in
204 3645 277 3706 loco
299 3667 316 3704 a
338 3641 464 3703 ratione
487 3650 633 3701 veterum
655 3639 793 3718 deflerit,
816 3643 999 3727 Elegiarum
1029 3645 1184 3710 videlicet
1209 3651 1249 3725 11,
1269 3650 1304 3724 (b

147 3750 198 3820 41.
219 3759 414 3835 postremam
434 3747 467 3807 in
488 3753 588 3812 datan
609 3746 786 3827 corripiens
804 3746 905 3822 [idem
927 3748 1046 3811 Tibull.
1069 3753 1092 3826 l,
1113 3752 1144 3829 6,
1171 3755 1224 3820 55.
1246 3778 1303 3818 no-

148 3863 208 3924 reio
228 3854 365 3938 scripsit,
386 3852 498 3913 ultima
518 3859 681 3933 correpte,
701 3857 767 3926 ωε
789 3852 820 3912 in
844 3874 907 3937 quo
926 3854 994 3937 ipso
1012 3864 1121 3918 tumen
1137 3859 1201 3918 iam
1216 3879 1303 3942 pro-

149 3982 291 4049 gressum
314 3958 390 4034 eius,
412 3956 452 4018 dc
475 3979 536 4039 qua
557 3957 685 4018 monuit
708 3957 876 4034 Charisius,
896 3959 928 4019 in
943 3960 1179 4043 pronunciandi
1194 3962 1318 4061 modo,

147 4063 334 4129 mutationis
347 4063 515 4123 manifesto
530 4063 703 4125 observare
714 4064 793 4124 mihi
809 4063 936 4126 videor:
950 4067 1034 4127 sicut
1050 4069 1147 4129 etiam
1164 4069 1198 4128 in
1214 4070 1302 4131 Pro-

147 4168 297 4253 pertiano
309 4174 410 4249 fincta,
419 4169 603 4248 posteriore
627 4169 730 4248 brevi,
743 4170 791 4232 El.
804 4173 855 4248 Ill,
868 4173 897 4250 7,
906 4173 957 4239 35.
968 4173 1179 4257 Propertium
1194 4178 1301 4251 enim,

149 4272 266 4335 Catulli
287 4280 321 4333 et
338 4273 561 4353 antiquiorum
582 4275 738 4359 exemplo,
757 4275 853 4339 etiam
873 4280 1088 4360 posteriorem
1110 4282 1142 4342 in
1164 4290 1237 4349 uolo
1258 4285 1301 4361 ΙΙ,
