2709 4675
162 174 254 270 rixu
355 176 358 181 ’

137 395 142 404 ’
163 395 215 484 in
235 392 497 486 recensione
511 425 591 484 sua
607 394 736 515 quasi
756 392 947 517 profecti
962 415 1076 486 sunt
1089 390 1143 498 N.
1158 389 1302 486 Heln«

162 533 258 624 sius
272 556 319 624 et
330 533 378 623 Ρ.
388 531 701 628 Burmannus.
717 533 832 626 Eam
844 533 975 625 enim
992 534 1043 626 in
1059 533 1146 624 hac
1164 566 1301 659 opera

163 673 322 764 critica
341 670 572 762 rationem
594 673 777 798 servavi,
794 696 850 764 ut
875 673 1038 765 animo
1064 705 1142 764 me
1167 674 1299 795 quasi

165 812 293 904 iuxta
322 810 426 902 illos
456 811 650 903 editores
679 811 961 926 collocarem,
987 837 1033 905 et
1062 812 1121 903 ab
1141 813 1301 905 eadem

164 950 346 1078 vulgata
402 960 630 1072 tanquam
678 953 937 1058 communi·
988 953 1303 1045 fundamento

162 1123 359 1216 egressus
375 1114 588 1217 coeptam
604 1087 664 1180 ab
685 1090 779 1183 illis
796 1091 1110 1216 descriptura
1126 1089 1304 1209 horum

162 1230 429 1322 carminum
477 1230 844 1354 disputationem
868 1263 1169 1356 persequerer.
1204 1230 1300 1322 Ubi

162 1391 321 1460 autem
366 1367 547 1495 vulgata
579 1367 745 1482 lectio‚-s
764 1371 904 1491 quod¹
923 1371 972 1461 in
997 1371 1305 1496 prioreparte

162 1509 341 1633 saepius
372 1509 547 1601 factum
589 1541 690 1622 esse,
724 1542 822 1600 sero
854 1508 1177 1622 animadverti,
1196 1542 1302 1601 non

132 1751 137 1770 ‚
163 1671 415 1740 memorata
436 1659 617 1758 estant
639 1681 751 1740 cum
779 1671 953 1773 recepta
977 1682 1096 1742 ame
1116 1681 1306 1740 consen.-

164 1786 236 1901 tit,
272 1810 356 1878 aut
389 1821 442 1878 ex
476 1788 1016 1913 annotationeapparet.

231 1926 489 2018 annotatio
523 1927 821 2052 grammatica
844 1926 1155 2052 'duplicisest
1174 1961 1306 2054 gene

164 2065 238 2177 ris,
257 2099 464 2186 quorum
481 2067 612 2191 prius
637 2069 695 2158 ad
716 2067 974 2157 orationem
989 2090 1129 2189 atque
1151 2067 1304 2158 elocu-

105 2211 123 2280 ι’
163 2205 343 2318 tionem
369 2206 570 2328 pertinet
579 2245 592 2314 ;
621 2207 672 2297 in
694 2215 796 2329 quo'
811 2205 1038 2331 primum,
1060 2205 1301 2329 quidquid

164 2345 215 2436 in
233 2344 526 2477 singularum
546 2380 634 2438 usu
652 2325 819 2438 vocum
844 2379 1099 2469 carumque
1117 2379 1299 2472 compo·

161 2485 344 2597 sitione,
390 2486 504 2577 item
542 2485 592 2576 in
631 2485 874 2577 sententiis
897 2519 1164 2611 earumque
1199 2520 1309 2577 con·

163 2625 410 2716 iunctione
442 2647 526 2716 aut
549 2625 790 2716 obscurius
809 2648 893 2715 aut
922 2626 1197 2750 impeditius
1219 2650 1308 2717 aut

165 2763 442 2891 insolentius
482 2787 565 2855 aut
608 2764 832 2889 singulari
875 2766 1078 2887 quadam
1124 2765 1306 2889 poetica

163 2902 351 2997 licentia
387 2905 706 3017 enuntiatum,
744 2902 944 2995 omnino
979 2905 1218 3026 quidquid
1250 2905 1305 2996 in

162 3046 371 3149 oratione
392 3042 694 3136 memorabile
729 3043 883 3133 risum
907 3066 984 3154 est,
1020 3043 1146 3133 brevi
1174 3075 1307 3135 cnar-

165 3184 345 3273 ratione
379 3182 602 3308 explicare
626 3205 819 3273 conatus
839 3214 958 3272 sum.
996 3180 1106 3295 Quo
1127 3182 1178 3272 in
1201 3182 1305 3273 loco

160 3323 468 3448 praecipuum
502 3318 719 3413 studium
754 3343 896 3442 atque
929 3352 1063 3444 opera
1100 3322 1209 3432 luit,
1247 3343 1308 3412 ut

161 3462 349 3554 dicendi
388 3494 529 3551 usum
564 3484 705 3583 atque
730 3460 1122 3551 consuetudinem
1158 3460 1308 3584 ipsius

159 3601 321 3693 Ovidii
367 3600 668 3726 patefacerem
710 3623 850 3721 atque
894 3598 1189 3690 illustrarem.

239 3741 295 3829 ln
351 3739 603 3830 tractandis
655 3761 814 3829 autem
868 3737 1039 3829 fabulis
1079 3791 1139 3807 —
1189 3768 1306 3829 nam

160 3876 252 3970 hoc
309 3875 510 3968 alterum
580 3899 646 3968 est
706 3910 851 4002 genus
898 3931 956 3947 -
1011 3878 1141 3987 unde
1211 3878 1308 3967 sere

160 4017 384 4109 omnium
420 4016 594 4107 horum
631 4016 899 4107 carminum
933 4020 1208 4141 argumenta
1231 4016 1309 4117 de-

44 4219 47 4224 ·
157 4178 328 4272 sumta,
363 4179 408 4249 et
450 4155 638 4279 quibus
683 4178 740 4249 ut
781 4153 959 4277 reliqua
1000 4154 1161 4248 Ovidii
1212 4189 1320 4249 car·-
