2709 4675
42 57 218 156 Languor
243 55 344 127 enim
370 55 490 128 causis
514 79 592 126 non
619 53 886 155 apparentibus
911 34 1052 143 haeret,

43 219 53 235 .
93 166 265 241 Adiuvor
291 179 326 239 et
350 163 455 237 nulla
481 162 576 256 sessa
599 162 785 237 medentis
810 188 893 265 ope.

43 263 1195 378 Quamtibi'nuncgracilemvixhaecrescribere,quamque15
1253 349 1257 360 ,

90 385 234 462 Pallida
257 387 321 460 vix
347 385 475 460 cubito
499 383 669 458 membra
695 383 822 459 levare
843 385 972 488 piatas?

43 499 153 574 Nunc
178 497 292 570 timor
316 496 471 585 accedit,
496 522 545 569 ne
570 496 666 597 quis,
690 496 760 589 nisi
789 496 938 570 conscia
962 497 1103 586 nutrix,

92 607 281 709 Colloquii
306 606 414 680 nobis
439 606 573 679 sentiat
597 630 673 679 esse
699 606 809 680 vices.

45 722 140 795 Ante
162 718 261 793 fores
284 715 388 791 sedet
404 715 506 804 haec,
523 714 618 816 quid
640 742 821 817 agamque
844 714 1062 817 rogantibus
1080 716 1192 806 intus,

92 833 144 906 Ut
168 828 306 931 possim
330 840 414 900 tuto
439 823 613 915 scribere,
639 826 842 915 „Dormit“
865 827 926 899 ait.
1144 833 1194 904 20

45 1042 107 1091 tum
131 1020 227 1167 Aopud
257 1024 418 1170 biasqnegq
443 1022 597 1121 frequens
638 1018 896 1162 qutanttuetiam
920 1021 956 1163 iq
978 1020 1193 1172 qutelfzfibpt

48 1119 145 1274 iiiia,-
162 1126 263 1248 n'i'ibt.
285 1150 324 1262 iv,
342 1149 374 1263 bl,
402 1127 547 1251 biiialiiiri
566 1128 598 1248 iii
639 1124 671 1245 in
697 1124 774 1267 quire
782 1147 825 1245 ali
841 1123 1063 1251 eAxritipliolscisi
1081 1146 1194 1248 ‘omissi

48 1280 134 1338 hoste.
155 1269 258 1347 Simili
277 1265 373 1327 modo
391 1267 526 1349 ponitur
542 1265 599 1325 da-
640 1275 723 1327 sunt.
800 1287 805 1293 ·

49 1357 137 1414 tivus.
172 1351 277 1431 Supra
307 1371 336 1408 v·
357 1352 405 1418 bs
427 1348 522 1408 Ponl·
546 1346 598 1423 lV,
682 1349 731 1414 13·
753 1346 1195 1413 HaeretEodemmodoMe-

48 1435 136 1509 titt.
151 1437 279 1500 sontibus
300 1456 360 1496 esse
379 1432 511 1504 trucem
536 1431 600 1495 Tu·
640 1439 714 1490 tum.
730 1431 864 1505 1113395.
880 1436 982 1496 haeret
996 1431 1193 1497 amos-‚cont
1243 1498 1247 1513 .

50 1519 100 1577 cit
134 1516 247 1577 Annal.
279 1515 333 1573 Xl.
361 1533 389 1570 e.
418 1516 466 1580 10.
494 1518 600 1577 inlole-
640 1511 743 1594 Epist.
766 1510 819 1588 lV,
839 1511 889 1578 70.

50 1604 159 1665 rontior
178 1601 318 1661 subiectis.
332 1594 396 1654 Sed
418 1592 457 1654 ud
471 1602 602 1655 senten·
684 1592 732 1659 tt.
761 1597 914 1658 Meuanas.
951 1592 1025 1659 vid.
1058 1600 1126 1659 not.
1152 1593 1195 1659 ad

50 1683 123 1740 tiam
153 1678 286 1740 differre
317 1677 404 1736 inter
439 1677 601 1758 triplicem
641 1675 743 1757 Epist.
765 1676 805 1749 V,
828 1672 897 1740 147.

51 1763 133 1823 illum
155 1758 442 1834 constructionem,
461 1779 524 1818 non
545 1765 601 1834 est,
681 1758 729 1822 16.
750 1762 884 1821 Membro
905 1762 1008 1825 &aare
1025 1754 1196 1822 Cous-Me·

55 1842 137 1926 quod
160 1843 304 1903 doceam.
331 1845 603 1929 Hippolyto-suo.
642 1843 717 1897 tom.
740 1837 807 1913 Vll,
826 1836 897 1906 343.

55 1926 143 1985 Conf.
164 1924 266 2005 Epist.
287 1922 357 1998 XV,
378 1924 427 1988 92.
684 1920 732 1986 17-
754 1926 845 1989 nunc
864 1920 952 1986 tainoi
971 1926 1092 1987 cecedit.
1127 1925 1198 1984 Ma-

90 2009 138 2072 11.
163 2012 261 2088 Virgo.
287 2006 337 2066 De
360 2003 483 2064 Dianae
505 2000 604 2086 virgi·
643 2001 699 2061 lim
727 2008 807 2081 Huc,
829 2011 866 2062 ut
886 2005 995 2066 Amor.
1020 2005 1071 2080 lll,
1093 2004 1123 2079 7,
1144 1996 1197 2071 37.

55 2085 152 2148 nitate
181 2106 349 2170 magnum·
371 2076 516 2146 locoritm
543 2105 605 2143 nu·
642 2081 818 2169 Hucpuclor
835 2090 962 2150 accurit·
977 2091 1197 2166 HarusNuno,

55 2189 219 2243 merome
240 2169 313 2229 solis
343 2171 472 2228 Metam.
504 2165 605 2226 colle·
642 2166 733 2251 prius
748 2166 924 2227 enimnihil
939 2166 1095 2249 colloquii
1109 2169 1197 2231 inter

76 2251 99 2309 it
119 2250 229 2333 Gierig
245 2250 277 2310 in
296 2249 394 2310 lndic.
409 2249 440 2309 in
454 2271 483 2309 v.
496 2253 604 2312 Diana.
644 2270 702 2311 nos
713 2248 774 2308 fuit
788 2256 821 2309 et
834 2247 873 2308 ab
889 2246 949 2308 hac
960 2246 1091 2331 quidem
1100 2258 1196 2330 parto

55 2271 109 2391 ist
130 2341 239 2395 autem
261 2354 335 2394 cum
357 2330 387 2392 ri
416 2329 537 2393 dictum
565 2329 605 2391 il·
646 2353 713 2392 non
736 2330 781 2390 fui
812 2329 959 2391 sollicita.
995 2334 1118 2397 Conana
1137 2355 1199 2396 na·

55 2411 107 2474 lud
129 2420 245 2499 Virgo
266 2419 426 2499 virginis
447 2417 542 2478 αηηίε.
642 2417 710 2481 trix.
732 2410 805 2472 Vid·
826 2412 866 2474 ad
887 2412 990 2495 Epist.
1010 2413 1125 2492 XVlll,
1145 2414 1196 2481 97·
1269 2481 1272 2490 ,

92 2498 140 2562 12.
163 2496 283 2558 Omnia
298 2498 450 2573 carmina,
465 2514 547 2579 quae
563 2492 604 2554 ab
685 2498 733 2563 19.
747 2499 925 2580 Rogonubua
935 2499 1023 2561 intus.
1048 2494 1108 2555 Hic
1120 2515 1196 2557 ver-

56 2594 92 2635 so
112 2587 187 2640 suut
207 2599 302 2642 versu
318 2585 398 2663 Qtws
417 2602 521 2645 vereor
540 2592 605 2652 etc,
644 2599 697 2639 sus
719 2579 895 2660 praecipue
917 2597 954 2637 ex
976 2577 1013 2638 iis
1033 2598 1114 2639 unus
1137 2584 1196 2654 est,

56 2677 115 2717 non
137 2661 293 2744 leguntur
323 2664 355 2721 in
385 2660 525 2743 antiquis
554 2658 604 2719 ul·
644 2658 730 2720 unde
754 2659 926 2742 colligitur,
947 2657 1006 2718 hos
1030 2678 1094 2719 non
1127 2678 1196 2719 esse

53 2735 97 2812 lis,
127 2761 209 2824 quae
242 2741 391 2818 viderim,
414 2740 604 2823 exemplari·
642 2749 759 2825 poetae
778 2741 939 2836 proprios.
970 2742 1083 2824 Neque
1107 2735 1196 2802 enim

52 2816 115 2880 bus.
144 2823 260 2906 Neque
284 2846 321 2884 ea
343 2823 501 2884 Planudes
530 2843 604 2882 ver·
643 2821 730 2905 aputl
752 2822 904 2883 Ovidium
924 2822 1019 2884 facile
1043 2822 1119 2883 alibi
1141 2841 1197 2883 re-

50 2903 94 2962 tit.
129 2907 236 2988 Atque
275 2905 349 2966 ideo
378 2907 512 2966 fortasse
535 2925 602 2964 nou
642 2905 748 2988 perias
769 2909 935 2989 rog-niuibus
955 2910 1032 2971 inter
1057 2924 1119 2988 pro
1145 2907 1197 2967 in-

47 2993 134 3126 eu.
153 2986 282 3129 luz.
298 2987 601 3130 littere?
641 2984 1196 3131 {tritten{austrea

53 3165 117 3207 tum
148 3091 475 3234 deliciuntppraetcr
506 3150 603 3227 Sars,
643 3090 1194 3233 repeiin's,'nedumapudOi'idinm

52 3225 163 3291 Medic.
186 3240 220 3292 et
247 3253 349 3295 unum
377 3254 413 3294 ex
440 3220 518 3294 miris
548 3254 602 3294 re·
644 3234 699 3316 qui
722 3231 843 3314 ubique
864 3233 1004 3294 orationi
1032 3231 1195 3317 aequabili

52 3312 236 3389 certiorem,
260 3334 358 3395 quem
380 3316 498 3376 aLucu
518 3317 604 3376 Lau·
644 3336 681 3377 ac
702 3314 817 3411 planae
839 3313 971 3377 studuit.
998 3314 1063 3378 Sed
1084 3325 1193 3375 tamen

91 3393 600 3459 manandonumhabutnrond.
643 3398 714 3458 fieri
747 3398 864 3477 potuit,
892 3406 928 3457 ut
958 3399 1010 3461 sel
1042 3397 1194 3459 insititius

51 3407 174 3556 {toque
205 3477 354 3558 reliquos
390 3479 481 3539 huius
521 3480 602 3560 Epi·
643 3500 751 3540 versus
775 3477 827 3539 hic
849 3477 936 3539 idem
957 3481 1007 3555 sit,
1036 3478 1088 3539 vel
1118 3478 1193 3538 alias

100 3639 219 3702 calcem
237 3639 412 3704 voluminis
430 3652 503 3724 post
519 3642 601 3723 Sap-
640 3642 748 3704 acribo
772 3647 860 3709 intus.
891 3641 1057 3704 Columell.
1073 3638 1192 3702 ,Praei

93 3719 599 3807 osEpistolamreieceratllsms.
639 3724 742 3790 ltu:
763 3728 865 3809 Neque
878 3730 956 3812 naim
964 3726 1087 3808 roganti
1104 3725 1194 3804 quid

56 3835 57 3842 ¹
947 3814 994 3885 85

52 3554 143 3832 Elec
164 3579 274 3619 versus
308 3560 422 3623 maiori
450 3582 487 3621 ex
508 3569 600 3642 parte
642 3568 824 3641 corruptus.
855 3567 989 3626 Mrem
1021 3561 1088 3622 Pro
1116 3564 1195 3623 inter

492 4063 494 4068 ’
1312 4073 1318 4090 a

1163 4120 1167 4129 .
