2709 4675
16 47 21 254 l
405 222 836 304 ruoon1u1uu.
1080 222 1185 283 mix

65 353 269 428 lleroidum
294 353 478 456 Epistoles
504 356 544 429 in
569 380 655 429 suas
688 354 887 428 sententias
920 367 1033 456 atque
1074 380 1186 428 orue-

16 499 17 562 ᾗ
64 492 180 551 menta
206 476 377 567 resolvat,
403 478 526 550 statim
551 474 753 549 artificium
777 474 1046 578 deprehendet,
1079 479 1185 579 quod

66 598 191 671 inillis
217 624 410 672 summum
435 609 526 672 est.“
561 598 639 672 Nec
672 601 798 696 ¹minus
830 585 1021 700 praeclure
1059 597 1107 672 de
1142 603 1185 674 iis

65 720 273 795 iudicarunt
296 722 340 794 Ε.
368 720 415 795 G.
443 720 586 794 Miiller
611 721 635 792 l.
663 720 687 792 l.
722 724 765 795 T.
799 724 862 795 lv.
897 748 934 822 p.
970 723 1040 810 530,
1079 724 1186 795 Bori-

64 840 159 916 chius
187 844 383 944 Conspect.
409 855 551 917 auctor.
568 843 655 944 ling.
670 845 751 916 Lat.
768 871 803 944 p.
823 846 894 933 38,
910 846 996 916 Ant.
1012 844 1183 935 Volscus,
1252 849 1255 854 ’

63 966 146 1038 Dan.
174 966 350 1040 Heinsius
377 966 414 1037 in
438 965 607 1066 Epistola
632 964 804 1051 dedicat,
823 965 1002 1039 Ciofanus
1022 969 1060 1040 in
1075 972 1185 1064 Prae·

16 1101 18 1178 j
63 1087 117 1161 lat.
153 1089 327 1163 editionis
350 1115 448 1176 suae,
474 1089 634 1159 Rosteau
666 1086 769 1187 apud
800 1089 935 1162 Baillet
972 1091 1184 1190 lugcmeuts

64 1208 121 1283 des
143 1226 287 1285 savants
314 1213 358 1283 T.
384 1211 449 1282 Ill.
475 1235 512 1309 p.
539 1210 632 1301 ado,
657 1207 803 1282 Becher
827 1195 851 1281 Ι.
880 1209 903 1281 l.
928 1238 964 1313 p.
995 1238 1061 1300 ro„
1091 1212 1184 1283 lahn

64 1334 96 1405 in
119 1332 400 1410 introductione
424 1358 460 1432 p.
486 1332 533 1420 6.,
560 1331 693 1403 Mansa
714 1332 754 1403 in
768 1332 993 1433 Nachtrttge
1008 1360 1058 1407 zu
1077 1335 1181 1415 Sulz.

67 1458 209 1547 Theon,
236 1458 307 1531 alii.
333 1457 478 1532 Verum
501 1482 549 1527 ue
570 1451 620 1546 ad
644 1467 814 1527 auctores
840 1456 1041 1557 confugere
1056 1457 1182 1531 videa-

63 1608 149 1683 mur,
173 1606 293 1683 pauca
318 1577 366 1650 de
391 1575 529 1651 horum
555 1575 766 1649 carminum
789 1578 991 1652 virtutibus
1018 1593 1054 1651 et
1077 1581 1179 1652 vitiis
1249 1645 1253 1650 ,

16 1701 17 1730 ³
64 1702 289 1776 disseremus.

16 1841 17 1844 ’
124 1828 176 1898 Ac
199 1825 368 1926 primum
393 1821 571 1922 singulari
590 1820 903 1894 commendantur
915 1815 1026 1890 laude
1041 1818 1181 1889 -inven-
1288 1821 1290 1830 '

66 1944 179 2039 tionis3
211 1955 289 2018 non
322 1970 404 2017 eam
441 1943 538 2032 dico,
573 1969 648 2043 qua
678 1956 722 2014 ut
751 1943 791 2016 in
820 1942 975 2042 reliquis
1007 1942 1196 2013 carmini-.

16 2111 17 2122 2
67 2066 128 2140 bus
149 2073 224 2140 suis
248 2065 442 2168 hicvpoeta
465 2065 666 2166 plerisque,
693 2065 732 2136 in
757 2062 1116 2150 RemediisAmoris,
1139 2065 1177 2136 in

67 2185 398 2288 Metamorphosesi,
423 2186 462 2259 in
487 2186 604 2258 Fastis
629 2183 798 2284 aliisque,
825 2210 961 2258 novam
996 2183 1067 2256 sibi
1106 2188 1179 2259 Ro-

16 2291 18 2385 l
67 2313 250 2413 manisque
275 2306 401 2383 adhuc
426 2308 652 2409 incognitam
684 2307 784 2379 riam
815 2307 962 2408 aperuit
992 2321 1029 2380 ct
1061 2337 1178 2410 genus
1216 2295 1227 2318 'l

16 2418 18 2485 ἶ
64 2429 125 2507 hoc
163 2433 374 2507 carminum
414 2431 643 2532 excogitarit,
683 2429 724 2503 id
755 2428 860 2530 quod
891 2428 1044 2503 fortasse
1075 2432 1176 2504 casui

64 2555 201 2630 cuidam
223 2568 288 2628 aut
311 2554 435 2628 nescio
462 2553 523 2626 cui
550 2553 663 2624 unius
688 2553 818 2651 puncti
853 2554 1029 2652 temporis
1055 2536 1177 2628 xfelici-

62 2679 117 2750 tati
142 2676 320 2768 debebat3
344 2720 392 2733 -
417 2673 483 2748 sed
508 2675 675 2774 primum
701 2672 786 2746 dico
812 2674 1045 2774 sagacitatem
1062 2675 1175 2768 illam,

63 2825 145 2898 quae
171 2799 402 2900 conspicitur
427 2776 465 2870 in
493 2798 572 2896 ipso
597 2821 843 2896 personarum
882 2792 946 2867 has
988 2798 1173 2898 Epistolas

16 3004 17 3007 Ἴ
62 2922 292 2995 scribentium
338 2919 651 3020 ingeniorumque
680 2914 726 2989 'et
778 2918 891 2990 animi
934 2916 1176 2993 affectionum

16 3090 18 3095 ,
64 3053 150 3116 tanta
176 3042 356 3115 varietate
388 3039 555 3131 delectu3
589 3037 727 3112 deinde
760 3040 896 3112 miram
930 3052 1059 3129 artem,
1097 3067 1174 3142 qua

62 3163 279 3265 singularum
318 3177 533 3263 argumenta
564 3160 820 3262 Epistolarum
851 3162 1035 3235 tractavit.
1078 3164 1173 3238 Nam

63 3310 168 3385 quum
192 3286 272 3359 fere
298 3311 427 3358 omnes
453 3287 491 3357 in
517 3284 680 3385 querelis
705 3309 748 3356 ac
764 3280 960 3355 doloribus
975 3297 1043 3364 aut¹
1059 3286 1172 3384 s'preti

64 3418 93 3476 ct
113 3408 280 3509 neglecti,
306 3419 371 3479 aut
396 3403 594 3477 desiderati
622 3419 734 3505 atque
759 3403 919 3476 absentis
940 3408 1076 3479 amoris
1091 3436 1173 3480 ver-

63 3543 186 3618 sentur,
214 3528 289 3603 dici
316 3529 378 3600 rin
402 3541 532 3628 potest,
550 3541 690 3628 quanta
705 3528 840 3627 ingenii
863 3525 1039 3599 felicitate
1059 3542 1172 3630 atque

64 3644 217 3723 ubertate
243 3649 437 3722 materiam
460 3648 572 3737 illam,
606 3674 720 3747 quam
756 3647 878 3721 tribus
916 3650 1046 3749 primis
1082 3651 1173 3752 Epi-

63 3768 148 3842 stolis
172 3773 321 3871 penitus
354 3767 568 3842 exhaustam
600 3783 761 3871 putares,
805 3797 874 3870 per
912 3784 967 3843 tot
1006 3773 1172 3844 carmine

53 3883 255 3981 ¹deduxerit,
292 3904 331 3965 et
367 3891 669 3992 unumquodque
711 3892 816 3964 novis
854 3895 1062 3981 momentis,
1089 3907 1171 3966 tum

61 4031 98 4079 ex
112 4011 302 4084 scribentis
337 4013 519 4113 cuiusque
546 4013 692 4113 ingenio
719 4015 876 4087 inventis
902 4028 1014 4116 atque
1033 4013 1189 4117 descri-¹

16 4126 18 4253 l
62 4127 130 4221 ptis,
153 4146 234 4207 tum
268 4160 314 4206 ex
348 4133 499 4207 historia
531 4147 566 4206 et
599 4132 726 4206 fabula
759 4137 934 4235 repetitis,
973 4152 1010 4209 et
1045 4166 1171 4211 narra-

16 4258 18 4389 ὦ
62 4244 216 4344 tionibus,
262 4256 587 4356 descriptionibus,
634 4255 894 4358 similibusque
931 4258 1092 4345 variarit,
1135 4274 1171 4331 ct

1337 264 1339 272 .

1296 307 1305 320 =
1330 275 1339 331 l
