2709 4675
166 239 238 310 500
507 233 803 311 EPISTOLA
833 235 955 312 XIX.

162 380 212 451 At
236 377 314 466 tibi,
340 376 575 452 flammarum
598 381 767 469 memori,
792 380 976 482 Neptune,
1001 395 1164 474 tuarum,

212 487 348 560 Nullus
374 500 454 560 erat
479 489 598 562 ventis
619 487 881 588 impediendus
905 517 1028 585 amor3
1240 504 1315 579 180

162 599 199 670 Si
225 623 348 696 neque
373 598 596 696 Amymone,
621 611 692 671 nec
717 597 968 676 laudatissima
991 600 1113 676 forma

171 779 175 788 ,
212 705 387 779 Criminis
413 718 468 779 est
492 707 596 805 Tyro
620 705 749 781 fabula
772 735 866 784 vana
890 711 959 802 tui,

161 903 716 974 tushomoTbessalonieeneislue-‚
755 905 876 965 tatione
909 905 1003 966 suni
1032 907 1107 968 Silr.
1142 910 1166 986 l,
1196 910 1231 984 3,
1262 910 1315 976 27.

163 995 224 1063 rat,
256 984 427 1047 decedenti
465 984 506 1046 dc
548 985 714 1068 provincia
752 986 819 1047 Pro
848 992 965 1051 abstulit
1007 997 1113 1050 autem
1154 990 1315 1073 equidem

161 1069 323 1143 comitem,
336 1074 372 1128 ut
390 1066 527 1139 videtur,
543 1088 609 1128 sese
619 1088 715 1149 prae·
753 1069 909 1132 velntlnlit
924 1070 1030 1130 malim
1043 1092 1118 1130 cum
1133 1070 1316 1149 sabellico,

159 1149 232 1211 buit
252 1150 424 1231 Antipater
445 1170 482 1208 ac
509 1145 626 1210 deinde
648 1150 715 1208 Rc·
754 1149 804 1209 vel
831 1155 958 1228 addidit,
987 1152 1198 1233 alloquitur
1233 1155 1317 1216 Ori·

158 1251 231 1292 mae
253 1230 337 1292 virit.
355 1227 537 1294 videantur
550 1230 617 1290 eins
636 1230 714 1312 Epi·
753 1229 824 1291 dius
845 1233 922 1291 Met
945 1234 999 1310 IX,
1018 1233 1090 1300 357.
1101 1234 1227 1317 aliique
1241 1259 1316 1320 pas-

159 1320 334 1412 grammate
364 1314 505 1386 10-19.
534 1332 571 1371 ae
599 1311 650 1378 27.
680 1319 713 1372 et
752 1312 820 1373 sim.
848 1318 942 1376 Lern.

159 1398 209 1461 bl).
231 1392 714 1477 Navigaveratetiamipseflel·
793 1395 861 1459 129.
900 1399 1033 1459 Memor-i„
1068 1396 1163 1458 Cani.
1204 1398 1314 1482 Epist

160 1477 358 1557 lespontum,
379 1482 469 1535 certe
490 1473 669 1568 adpositam
683 1472 714 1534 ei
751 1476 865 1553 XVIII,
885 1472 935 1542 40.
958 1485 990 1536 et
1009 1477 1058 1543 60.
1069 1478 1144 1541 Vid.
1157 1481 1315 1542 Prooem.

164 1557 292 1619 Sestum
322 1563 356 1616 et
379 1562 504 1616 servata
533 1555 577 1615 rbi
608 1555 713 1616 Herus
753 1578 780 1618 c.
798 1557 1133 1619 Ill.Conf.Theocrit„
1153 1561 1198 1622 ld.
1221 1562 1315 1635 8,59.

162 1649 195 1701 et
234 1635 375 1698 Leandri
415 1658 560 1697 amorum
598 1657 720 1697 πωπω--
795 1639 863 1704 131.
893 1641 1069 1719 Amymone,
1100 1642 1206 1704 Danai
1238 1644 1316 1721 lilia,

161 1726 280 1795 menta,
302 1718 419 1779 turrim
451 1718 534 1777 illias
562 1726 595 1777 et
624 1739 714 1778 eom·
754 1741 835 1803 quae
851 1740 968 1779 curnse
980 1720 1011 1778 in
1028 1721 1111 1781 silvis
1134 1717 1314 1786 iaculando

159 1821 254 1862 mune
277 1800 446 1860 amborum
467 1800 650 1880 sepulcrum
677 1819 715 1858 o·
754 1810 930 1877 exerceret,
961 1800 1111 1885 Satyrum
1146 1808 1316 1887 percussit

160 1884 239 1944 culis
261 1881 461 1957 lustraverat,
490 1880 575 1943 unde
603 1881 714 1965 Epigr.
754 1882 948 1965 imprudens,
963 1884 1016 1964 qui
1042 1886 1166 1966 impetu
1188 1890 1224 1946 ln
1241 1910 1314 1950 eum

159 1963 208 2031 51.
230 1984 261 2039 p.
283 1963 351 2028 125.
754 1966 839 2026 facto
861 1964 925 2023 vim
941 1965 970 2023 ei
984 1965 1103 2026 inferre
1115 1969 1231 2028 voluit.
1249 1973 1317 2030 Im·

203 2041 290 2117 Οὗτος
314 2049 329 2107 ὃ
352 2046 512 2127 Λειοὶνὸροιο
529 2033 715 2118 annutant-
753 2046 892 2129 ploravit
928 2046 1034 2126 puella
1061 2050 1218 2109 auxilium
1249 2053 1316 2113 fle-

461 2152 506 2197 τος
526 2129 541 2187 ὅ
565 2129 674 2190 Πόντου
753 2127 858 2210 ptuni.
881 2125 945 2186 Sed
967 2126 999 2185 id
1022 2127 1061 2190 ab
1079 2129 1134 2189 illo
1147 2144 1314 2211 passeest,

242 2205 396 2290 Hopdpbr',
416 2209 439 2275 ,ὅ
475 2210 513 2286 μὴ
545 2209 638 2289 μούνῳ
675 2209 714 2287 τῷ
755 2207 1216 2289 quodaSatyrosormidarat.
1230 2215 1316 2299 Hyg.

443 2296 561 2366 φιλέοντι
579 2290 673 2372 βαρύς
754 2292 790 2352 F.
812 2288 891 2366 169„
911 2290 1058 2371 Apollod.
1071 2294 1104 2351 Il.
1114 2293 1211 2354 Conf.
1222 2295 1318 2358 Serv.

203 2371 293 2437 Ταῦθ’
309 2373 411 2452 Ἠροῦς
424 2371 459 2431 τὰ
471 2374 608 2454 πάροιθεν
628 2371 714 2433 brari-
754 2371 794 2433 ad
815 2373 904 2454 VIrg.
922 2374 956 2430 A·
976 2374 1190 2444 1V.377.Vid.
1208 2377 1319 2461 Span-

341 2459 394 2521 λιο,
413 2456 493 2513 τοῦτο
513 2456 547 2514 τὸ
566 2455 673 2534 πύργου
754 2453 838 2513 hem.
871 2450 911 2512 ad
946 2454 1066 2516 callim.
1112 2456 1234 2540 Hymn.
1280 2463 1315 2520 in

242 2541 389 2613 Adpnrcr·
409 2535 424 2594 ὁ
441 2537 575 2617 προδότης
585 2538 634 2596 aid'
651 2541 713 2596 ἐπέ-
754 2535 831 2595 Pall.
852 2530 902 2601 118.

186 2680 188 2685 ,
483 2641 552 2678 eruo
572 2619 674 2690 λύχνος.
794 2617 863 2683 131.
910 2623 999 2703 Tyro,
1037 2615 1202 2679 Salmonei
1240 2622 1315 2699 lilia,

202 2700 303 2770 Κοινὸς
319 2699 344 2760 d'
359 2697 526 2778 ἀμφοτέρους
535 2699 578 2760 ὅδ’
593 2701 645 2771 ἔχει
664 2698 715 2758 τά·
755 2697 1184 2781 quaeEnipeium,IIuviuu1
1207 2702 1318 2764 Thes-

383 2805 442 2855 φος,
462 2782 540 2841 εἰσέτι
560 2783 605 2842 καὶ
624 2783 672 2839 νῦν
754 2780 859 2853 saliae,
881 2778 1041 2840 adamasse
1063 2779 1185 2841 dicitur
1198 2793 1237 2844 et
1255 2788 1315 2846 sub

157 2891 161 2898 ·
243 2867 331 2940 Κοίνῳ
351 2864 391 2937 τρῖ
417 2867 547 2942 φθονερῷ
576 2866 715 2940 μεμφομέ-
755 2862 820 2921 eius
853 2861 955 2920 forma
984 2885 1002 2922 a
1032 2862 1183 2943 Neptuno
1221 2886 1316 2927 com-

495 2946 674 3028 οουροῖοέμῳ.
754 2963 871 3024 pressa.
902 2941 1050 3023 Apollod.
1089 2945 1120 3018 l.‚
1157 2944 1245 3029 Hyg.
1279 2951 1315 3010 F.

163 3024 304 3098 Turrim,
333 3026 380 3084 τὸν
411 3028 458 3100 τῆς
480 3026 582 3105 Ἡροῦς
602 3026 714 3105 πύργον,
754 3025 834 3100 157.,
857 3023 949 3083 Hom.
973 3023 1034 3084 Od.
1056 3025 1110 3099 XI,
1131 3024 1205 3090 241.
1232 3030 1317 3091 Pm-

162 3112 320 3165 memorat
342 3107 438 3164 etiam
454 3104 570 3165 Strabo
589 3105 713 3183 Xlll.p.
754 3115 838 3187 pert.
861 3108 883 3180 Ι,
906 3107 953 3179 13,
975 3108 1025 3171 21.

160 3184 543 3327 ⁴&lipom-spernenda
572 3187 715 3244 auctori-
796 3204 865 3268 133,
893 3205 1037 3289 Alcyone,
1067 3203 1207 3265 Atlantis
1239 3208 1315 3285 filia,

163 3276 209 3327 tas
252 3289 369 3362 neam,
397 3269 536 3361 Caesaris
567 3289 584 3326 n
612 3266 716 3365 Phar·
757 3307 819 3344 una
840 3304 877 3344 ex
897 3284 1088 3361 Pleintlibus‚
1111 3307 1231 3367 quaea
1252 3292 1317 3352 Ne·

163 3350 227 3411 salo
251 3359 314 3409 aler
336 3347 546 3409 describentis
569 3350 621 3423 IX,
642 3349 712 3415 9³1..
753 3375 856 3446 pruno
888 3386 1069 3447 compressa
1092 3376 1152 3426 est.
1191 3369 1316 3455 Hygia,

199 3448 713 3527 Threiciarquelegitfauceretarnore
754 3450 789 3508 F.
811 3447 879 3513 157.
902 3457 935 3506 et
956 3450 1025 3514 192·
1048 3446 1201 3530 Apollod.
1226 3442 1282 3515 ill.

549 3532 673 3575 natatum

198 3602 309 3675 Aequor
324 3610 353 3653 et
367 3601 463 3657 beroae
476 3601 620 3653 lacrimoso
630 3602 712 3652 litore
793 3599 917 3667 Lucida,
938 3593 1013 3675 quin
1035 3614 1108 3652 cum
1130 3599 1316 3675 sororibus,

161 3740 166 3749 Ι
575 3676 672 3741 turrea,
754 3673 1317 3756 reliquisPIeiadibus,Intersidera

159 3816 163 3821 ,
197 3759 259 3830 Qua
286 3757 385 3827 pelago
414 3772 515 3808 nomen
547 3754 712 3824 Nepheleias
754 3757 904 3816 translata
927 3764 982 3815 est·
1006 3756 1085 3838 Hyg·
1106 3758 1176 3821 192·
1212 3766 1320 3830 θῖνα-

449 3832 565 3885 almum
584 3833 673 3883 Helle·
754 3863 809 3921 qne
830 3852 857 3901 ct
875 3842 1022 3925 Alymone
1042 3853 1121 3901 unta.
1151 3840 1228 3902 Non
1262 3866 1319 3905 ex·

157 3925 224 3986 Ubi
244 3939 394 4001 natatum,
417 3922 502 4005 quod
535 3929 625 3981 recle
647 3941 710 4002 pro
752 3918 890 4001 pediunt
910 3940 942 3977 se
966 3940 1002 3978 ex
1023 3917 1086 3978 hoc
1108 3920 1182 3980 loco
1209 3924 1319 3987 inter·

157 4022 291 4071 notatum
322 4028 339 4065 ο
371 4026 440 4063 mss.
473 4013 506 4064 et
537 4010 613 4062 velt.
638 4000 710 4062 edd.
753 4008 871 4082 pectes,
893 4000 949 4081 qui
970 3998 1055 4059 haud
1085 4000 1187 4063 dubIe
1222 4028 1319 4068 meu.

159 4078 541 4166 Oudendorpssrestituil,
572 4084 630 4143 elsi
653 4084 713 4143 ali·
754 4081 932 4142 dosissimus
955 4090 1010 4143 est.
1023 4082 1170 4149 Monstra
1194 4086 1318 4153 lectio.

157 4177 209 4228 ter
240 4168 401 4228 sentiente
440 4170 636 4241 Burmanno,
661 4173 712 4226 et·
754 4185 831 4224 num
853 4162 886 4223 in
907 4163 1038 4223 vetustis
1061 4163 1234 4228 codicibus
1256 4193 1317 4253 ap-

158 4252 221 4311 iam
246 4248 366 4316 firmari
388 4268 480 4329 posse
500 4256 614 4329 putem
639 4248 712 4309 imi·
752 4253 878 4328 parent.
925 4246 989 4306 Pro
1025 4249 1110 4310 Circe
1139 4251 1316 4337 plerique:
1345 4276 1346 4337 j
