2709 4675
187 46 307 120 dubio
335 53 425 121 haec
451 48 617 120 carmina
642 73 662 118 e
690 46 820 119 codice
845 71 912 119 ms.
939 46 1076 133 sumsit,
1097 48 1131 120 in
1154 78 1222 152 quo
1242 54 1301 126 se*

186 157 265 230 bini
293 184 430 230 nomen
456 183 544 256 prae
579 181 616 228 se
651 155 836 229 ferebant.
883 155 1013 256 Neque
1047 153 1104 227 bas
1132 158 1281 260 Epistulas

186 266 325 355 medio,
352 265 457 368 quod
483 264 627 353 dicunt,
661 291 753 338 acro
786 263 889 338 fictas
925 290 1014 355 esse,
1047 272 1210 343 sermonis
1236 270 1284 342 ele

186 379 319 479 gantia,
355 377 629 477 qualiscunque
668 388 733 465 est,
765 376 851 448 satis
885 376 1106 477 comprobat.
1139 380 1284 471 (Maxime

187 500 326 573 autem,
355 499 398 557 ut
422 484 512 559 mibi
544 484 716 573 videtur,
749 483 847 558 illud
880 483 1096 586 comprobat
1127 487 1286 587 singularis

185 597 251 670 illa
276 594 459 670 'subtilitas
485 596 524 668 in
557 593 693 668 fabulis
726 607 839 695 atque
873 595 1044 670 doctrina
1075 622 1193 670 rerum
1222 588 1302 671 anti-¹

187 733 364 808 quarum,
390 733 486 808 quae
513 707 552 778 in
577 704 692 777 nullis
719 702 818 776 illius
853 706 931 777 aevi
965 705 1181 780 carminibus
1212 735 1288 809 repe-

126 846 127 851 *
184 821 294 891 ritur.
336 818 399 909 L.)
433 814 626 889 Prioribus
651 825 778 885 autem
804 813 1037 915 temporibus
1074 814 1192 889 Sabini
1225 818 1289 917 Epi

185 925 427 999 stolae-haud
453 924 567 998 dubie
594 921 872 1023 superfuerunt,
901 936 1014 995 utne
1040 949 1149 996 novae
1173 940 1208 998 et
1229 951 1292 1026 spu

185 1038 261 1108 riae
289 1036 361 1107 illis
389 1035 546 1135 supponi
574 1047 724 1132 possent
727 1075 962 1104 -----
969 1033 1084 1105 Sicuti
1109 1048 1235 1121 autem,
1248 1034 1294 1106 bas

183 1144 370 1245 Epistolas
398 1172 418 1216 a
443 1145 621 1243 quopiam
643 1139 745 1214 fictas
772 1168 860 1231 esse,
878 1169 947 1242 per
970 1167 1007 1214 sc
1034 1167 1106 1214 non
1129 1143 1295 1242 probabile

107 1342 111 1349 .
186 1268 250 1342 est,
285 1254 335 1326 ita
369 1255 480 1326 etiam
519 1251 666 1352 reliqua
701 1266 918 1351 argumenta
948 1250 1044 1323 banc
1078 1254 1300 1351 suspicionem

185 1390 262 1436 non
288 1362 524 1437 confirmant.
565 1361 682 1456 Quod
716 1363 816 1433 enim
853 1360 989 1434 horum
1023 1367 1223 1437 carminum
1245 1380 1303 1438 tre·

186 1475 386 1546 stationem
425 1486 461 1545 ct
499 1473 691 1543 materiam
726 1472 888 1543 ieiunam
914 1485 950 1543 et
975 1499 1139 1544 mancam
1166 1501 1240 1546 esse
1262 1474 1303 1545 di-

179 1597 288 1669 ‚cunt,
317 1581 356 1654 id
380 1583 457 1654 vim
488 1594 634 1654 tantum
671 1580 835 1669 haberet,
874 1580 1060 1681 siquidem
1094 1583 1163 1655 alia
1194 1584 1303 1657 Sabini

98 1718 101 1725 ⁴
187 1694 352 1765 carmina
378 1706 611 1792 superessent
636 1691 859 1791 elegantiora
884 1704 921 1763 et
935 1694 1199 1765 sententiarum
1213 1696 1303 1766 lumi·

184 1800 297 1874 nibus
331 1803 543 1891 illustriora,
582 1828 696 1903 quam
732 1828 946 1902 quaecum
974 1800 1030 1872 his
1063 1818 1303 1903 congruerent

183 1912 294 1984 Nunc
332 1926 456 1985 autem
491 1914 530 1985 in
565 1914 609 1985 iis
650 1941 778 1986 rerum
812 1913 976 2013 inopiam
1009 1924 1047 1984 et
1071 1918 1255 1990 sermonis
1277 1930 1303 1986 te

183 2022 366 2094 nuitatem
391 2035 531 2096 tantam
557 2023 625 2095 sibi
653 2038 811 2111 sumant,
847 2037 1025 2123 quantam
1057 2023 1212 2115 volunt3
1246 2025 1303 2098 int

152 2211 159 2227 t
182 2145 308 2203 tamen
335 2130 429 2203 nihil
455 2135 525 2206 nisi
552 2133 733 2206 Sabinum
763 2135 932 2206 ieiunum
965 2146 1115 2234 poetam
1139 2132 1303 2208 fuisses

184 2242 325 2340 quitur.
362 2244 473 2314 Recte
507 2245 614 2348 enim·
638 2241 708 2313 lul.
736 2242 838 2315 Caes.
872 2243 1034 2345 Scaliger
1060 2245 1099 2316 in
1126 2246 1303 2318 Poetic.l

183 2352 265 2425 Vb:
290 2355 439 2441 „„Tres
466 2352 828 2454 Epistolae,Ulyssis,
853 2352 1165 2455 Demophoontis,
1182 2356 1303 2428 Parit}

77 2555 79 2560 Ι
184 2487 271 2534 sane
297 2465 400 2562 parri
426 2476 512 2535 sunt
537 2464 736 2552 momenti3
764 2487 855 2561 qtras
880 2478 1077 2563 propterea
1106 2466 1178 2564 qui
1207 2493 1303 2565 nega

73 2619 78 2626 ·
183 2571 308 2643 Sabini
337 2598 425 2660 esse,
452 2575 480 2644 si
506 2572 665 2643 Sabinus
692 2585 854 2671 quantus
881 2571 996 2644 suerit
1026 2576 1227 2661 nesciunt,
1257 2601 1303 2674 qn

82 2685 87 2686 ⁷
183 2708 272 2752 nam
296 2695 405 2779 pacto
430 2709 563 2782 negare
589 2679 770 2753 audeant?
807 2682 890 2754 Non
916 2685 1125 2756 meminere
1158 2685 1232 2757 illo
1261 2711 1303 2784 qr

186 2816 259 2890 que
286 2791 433 2863 sacculo
461 2793 638 2864 exstitisse
665 2792 819 2878 Marsos,
846 2792 1026 2880 Suffenos,
1055 2794 1263 2880 Volusios,
1289 2795 1303 2864 l

184 2902 273 2988 rios,
300 2901 474 2987 Maevios,
502 2905 669 2973 Anseres.
699 2901 811 2974 Cassii
840 2929 991 3003 quoqne
1009 2905 1242 2976 Parmensis
1272 2927 1303 2974 sc

183 3024 246 3108 pta
272 3011 395 3081 minus
421 3024 591 3083 accurata
617 3008 730 3082 fuisse
751 3010 1078 3109 ·prodiderunt.““
1110 3015 1226 3086 Toto
1257 3038 1303 3085 co

184 3132 309 3190 autem
336 3120 522 3191 aberravit
546 3123 717 3205 Amarus,
745 3122 810 3218 qui
838 3119 963 3192 Ovidii
999 3121 1264 3195 carminibus

183 3225 264 3299 bini
292 3230 482 3327 ingenium
507 3231 628 3300 metiri
655 3228 785 3300 voluit.
813 3231 937 3329 Atque
963 3234 1211 3304 tenuitatem
1236 3245 1303 3303 etr

187 3336 423 3411 diocritatem
465 3340 543 3410 eius
579 3337 618 3410 id
655 3339 795 3437 ipsum,
825 3337 937 3439 ‘quod
974 3342 1200 3413 imitatoris
1243 3365 1303 3439 pat

185 3449 267 3548 egit,
304 3449 546 3548 comprobare
578 3448 1211 3537 videturf---n-Omnino
1244 3471 1302 3520 au*

184 3559 223 3628 in
249 3557 373 3630 Sabini
416 3557 590 3656 Epistolis
622 3583 704 3629 non*
733 3571 856 3630 tantus
890 3561 1067 3634 orationis
1112 3561 1302 3635 defectu*

184 3691 313 3741 rurum
339 3668 463 3769 inopia
489 3680 553 3757 est,
572 3681 757 3770 quantum
784 3668 836 3741 illi
855 3668 1071 3746 volucrunt.
1096 3671 1303 3769 Quamqt
