2709 4675
57 29 284 137 quaerimua
309 10 541 139 temporibus
567 36 758 111 Ciceronis
784 34 878 133 (Cic.
905 31 955 107 ad
967 32 1078 106 Attic.
1093 29 1199 105 XIII.

55 149 173 249 Epist.
198 151 263 241 4.),
289 149 348 223 vel
373 145 478 221 aliud
502 173 641 220 nomen
671 146 721 219 ab
751 148 792 220 A
823 144 1015 245 incipiens.
1062 139 1200 215 Ovidio

53 260 215 333 amicitia
242 272 355 359 atque
380 256 629 331 familiaritate
656 257 902 330 coniunctum
923 254 1201 354 fuisseapparet

55 395 101 442 ex
124 367 190 442 illo
219 395 326 443 meus
350 368 535 442 Amorum
559 365 583 438 l.
610 365 634 439 l.
661 379 699 457 et
724 362 828 466 quod
843 361 1002 437 Ovidius
1022 360 1121 434 binis
1146 359 1200 434 lo-

53 479 106 550 cis
133 478 182 549 ita
209 475 417 552 honorifice
441 490 593 577 tamque
614 477 742 555 multis
775 473 900 548 verbis
931 473 1011 546 eius
1042 471 1199 544 mentio-

52 614 141 661 nem
164 587 263 662 fecit
311 585 428 683 Quod
452 601 577 659 autem
602 586 640 657 in
665 584 793 659 libello
819 582 884 657 illo
910 581 1199 683 supralaudato

53 712 89 771 et
124 725 248 801 nuper
281 700 320 771 in
360 696 522 771 editione
556 720 623 769 sua
656 692 784 768 Ovidii
820 691 1059 790 confirmarit
1093 691 1197 783 Iahn,

56 806 241 881 Ovidium
265 806 348 881 loco
375 806 439 881 illo
464 807 580 907 Epist.
607 830 654 878 ex
684 806 804 877 Ponto
837 804 973 891 testari,
1017 800 1201 875 Sabinum

53 931 90 990 et
114 918 293 1020 reliquos,
318 919 384 1017 qui
412 915 464 991 ibi
490 913 719 1001 referuntur,
745 925 871 1012 poetas
897 913 935 986 in
960 912 1036 985 vita
1061 938 1127 987 sua
1152 913 1200 986 ab

49 1024 362 1100 obtrectatoribus
386 1025 565 1099 laceratos
592 1048 680 1112 esse,
696 1020 806 1094 valde
824 1034 923 1094 errat
941 1021 1011 1095 Vir
1025 1023 1203 1097 Doctissi-

49 1160 146 1223 mus,
172 1135 211 1208 in
237 1161 314 1236 quo
340 1133 423 1207 loco
450 1133 545 1207 Naso
570 1130 664 1204 nihil
689 1130 795 1203 aliud
820 1130 922 1220 dicit,
958 1158 1072 1234 quam
1112 1159 1202 1207 cum

52 1242 213 1318 Sabinus
240 1257 276 1316 et
302 1243 452 1341 reliqui,
479 1267 574 1342 quos
599 1240 707 1341 louge
730 1242 825 1314 serie
859 1255 1063 1331 enumerat,
1088 1241 1203 1315 floru-

51 1357 176 1440 issent,
204 1372 315 1426 suum
341 1377 491 1440 nomen,
517 1349 611 1425 dum
642 1350 682 1425 in
718 1351 836 1450 patria
873 1351 1011 1439 suisset,
1046 1380 1068 1424 a
1099 1366 1206 1428 tanto

51 1454 267 1565 aequalium
291 1475 487 1561 poetarum
512 1459 654 1533 lumine
687 1484 764 1532 non
798 1460 1040 1535 obscuratum
1076 1461 1201 1553 fuisse,

48 1576 277 1673 Musamque
299 1596 422 1658 sunm,
450 1583 493 1642 ut
516 1583 646 1671 poetae
672 1567 797 1643 verbis
823 1583 909 1644 utar
932 1572 981 1665 (v.
997 1574 1084 1670 45),
1101 1575 1203 1645 inter

51 1697 181 1758 tantos
196 1681 347 1782 fuisse,
372 1706 472 1780 quae
498 1681 702 1779 legeretur.

125 1792 283 1891 Scripsit
306 1803 398 1863 teste
424 1788 562 1865 Ovidio
589 1789 672 1864 loco
698 1790 816 1890 Epist.
838 1815 885 1864 ex
903 1792 1023 1867 Ponto
1048 1792 1071 1864 l.
1098 1820 1203 1894 prae·

29 1994 31 1999 ι
51 1916 109 1976 ter
134 1899 320 2002 Epistulas
347 1899 424 1974 ‹Iuo
449 1899 521 1973 alia
546 1901 722 1990 carmina,
749 1898 951 1999 dequibus
974 1915 1100 1975 tamen
1124 1917 1202 1995 tam

29 2028 31 2031 ’
47 2023 205 2111 propter
216 2008 415 2082 obscuram
433 2035 565 2082 eorum
581 2036 740 2111 operum
751 2007 1068 2109 significationem,
1085 2039 1200 2114 quam

47 2133 204 2221 propter
229 2117 443 2218 ambiguam
466 2144 597 2193 versus
621 2120 721 2211 tertii
748 2118 973 2219 scripturam
1007 2124 1099 2196 certi
1131 2137 1203 2197 sta-

47 2231 102 2302 tui
128 2225 226 2300 nihil
242 2240 373 2325 potest.
399 2227 444 2299 ln
468 2252 563 2301 voce
589 2230 689 2301 enim
708 2231 903 2302 Troezena
915 2229 1123 2306 admodum
1141 2261 1204 2321 ra-

46 2342 147 2412 riant
159 2363 257 2428 mss,
280 2364 376 2439 quac
395 2337 588 2414 exhibent:
618 2341 804 2425 Troezen,
822 2341 1026 2431 Trisenen,
1042 2345 1202 2432 Troico,

49 2450 239 2534 Troicen,
295 2449 490 2535 Troizem,
542 2449 732 2536 Tromeu,
773 2450 980 2539 Trocrem,
1034 2454 1201 2543 Trisum,

50 2557 265 2644 Crozimen,
296 2559 501 2646 Tumesen,
530 2560 726 2646 Timeson,
755 2559 957 2647 Troadem,
978 2563 1200 2654 Trezenem,

47 2662 129 2738 elia.
157 2664 338 2764 Micyllus
364 2664 413 2739 ad
438 2666 540 2740 hunc
565 2666 693 2740 locum
720 2670 878 2740 notavit:
911 2672 993 2758 „De
1021 2670 1201 2748 hocloco

29 2779 33 2818 ῑ
46 2771 148 2860 nihil
174 2774 265 2845 certi
292 2772 423 2864 habeo,
450 2776 555 2877 quod
575 2769 747 2865 sentiam,
773 2777 843 2850 nisi
866 2779 970 2879 quod
991 2781 1119 2855 multis
1137 2808 1204 2856 no-

32 2880 218 2954 minibus
243 2899 437 2985 suspectus
461 2885 553 2958 mihi
580 2900 644 2959 est.
672 2887 767 2959 Nam
794 2887 870 2960 sive
888 2887 1201 2989 legasTrisenen,

45 2989 155 3090 qnod
179 2993 218 3064 in
231 2993 462 3093 quibusdam
474 2997 629 3095 reperiri
644 2995 792 3070 Merula
805 3010 937 3070 auctor
954 3011 1019 3088 est,
1037 2999 1115 3099 ipsa
1129 3024 1204 3072 vox

45 3097 211 3173 insolens
223 3115 278 3173 est
290 3114 327 3174 et
340 3130 465 3205 neque
479 3130 566 3178 cum
577 3106 732 3180 Graecis
749 3131 873 3207 neque
888 3132 975 3180 cum
983 3108 1125 3182 Latinis
1138 3134 1205 3184 no·

44 3207 217 3286 minibus
243 3213 328 3286 satis
346 3214 530 3302 convenit,
550 3239 639 3288 cum
660 3227 786 3288 tamen
809 3215 1005 3316 probabile
1025 3220 1083 3308 sit,
1110 3247 1203 3311 eam,

29 3339 167 3420 zquam
185 3334 305 3421 poeta,
322 3323 369 3396 de
396 3349 472 3424 quo
498 3321 560 3397 hic
586 3323 738 3414 dicitur,
764 3327 911 3416 amavit,
938 3329 1117 3403 Latinum
1138 3344 1203 3404 aut

30 3431 242 3504 ilii-aecum
260 3429 415 3532 aliquod
429 3457 569 3508 nomen
586 3433 775 3527 habuisse3
800 3437 876 3509 sive
901 3461 991 3510 vero
1009 3463 1098 3511 cum
1121 3439 1205 3511 rul-

32 3549 129 3641 ssgata
146 3541 335 3628 Troezen,
362 3554 404 3614 ut
429 3542 475 3615 de
501 3545 680 3645 poematis
712 3555 779 3615 aut
805 3545 910 3619 urbis
925 3547 1077 3620 nomine
1096 3547 1204 3621 intel-

30 3651 196 3752 ligatur,
214 3649 327 3726 etiam
351 3649 423 3725 hoc
449 3651 620 3756 exemplo
647 3664 758 3727 caret.
778 3655 872 3729 Nam
892 3655 922 3729 si
941 3652 989 3729 de
1008 3680 1122 3755 opere
1147 3657 1203 3727 in·
