2709 4675
93 60 97 66 ·
166 24 374 118 milia3sin
400 40 526 101 autem
552 26 722 117 deloco,
755 27 986 101 aecusativus
1025 30 1242 105 Troezena
1271 27 1308 100 fu-

164 143 275 206 turus
300 148 379 207 erat
403 165 425 210 a
458 138 647 225 Troezen,
681 161 772 210 non·
786 137 957 211 Troezen
988 165 1011 211 a
1045 141 1232 216 Troeze:
1263 163 1306 238 qu

165 244 420 341 nominativus
445 272 633 348 nusquam
651 248 788 347 legitur
811 244 859 319 de
885 273 929 320 eo
957 245 1052 337 loco,
1078 275 1210 349 quem
1237 246 1308 323 The·

166 376 252 426 eeus
277 353 481 456 aliquando
507 359 639 430 tenuit
664 354 812 433 Deinde
839 368 966 429 autem
987 370 1029 429 ut
1055 356 1213 447 demus,
1232 358 1307 432 salt

165 488 261 535 num
285 478 434 563 poetam
458 466 657 540 Fastorum
691 491 785 565 opus
820 478 857 538 et
882 464 1120 539 Troezenida
1144 468 1306 571 aliquan

168 571 240 646 hoc
266 586 331 662 est,
358 573 406 647 de
432 575 546 649 rebus
571 577 673 650 cirea
699 577 929 649 Troezenem
952 575 1072 675 gestis,
1100 576 1304 677 imperfecta

166 680 384 782 reliquisse,
423 699 670 785 praeventum
710 699 831 759 morte
862 686 1020 775 scilieet,
1053 687 1167 787 quod
1204 704 1303 763 tainu

167 788 258 863 alibi
294 792 419 865 nescio
457 821 503 866 an
545 821 732 895 nusquam
763 793 958 868 manifesto
993 794 1194 871 tradatur:
1234 793 1303 900 quid

169 925 318 974 caussae
344 901 523 993 dicemus,
549 928 620 977 cur
643 918 763 1004 poete,
789 928 879 977 cum
902 902 951 977 de
987 906 1133 994 ceteris,
1171 906 1303 1007 singulis

167 1024 316 1084 tantum
338 1011 519 1100 versibus,
545 1014 770 1100 meminerit,
795 1011 844 1086 de
860 1012 1086 1114 quibusdam
1103 1019 1304 1091 veroetian

166 1121 324 1222 singulis
350 1121 609 1209 commatibus,
635 1148 760 1224 neque
778 1124 816 1194 in
832 1120 1028 1196 cuiusdam
1046 1123 1210 1200 alterius
1224 1152 1303 1201 con·

166 1233 437 1307 memoratione
476 1230 665 1306 distichon
705 1256 872 1331 egressus
905 1233 962 1322 sit,
1001 1231 1049 1306 de
1088 1232 1167 1309 hoe
1203 1251 1302 1310 totum

165 1339 408 1414 tetrastichon
434 1339 727 1442 consumpserit?
751 1340 943 1443 Equidem
964 1354 1007 1414 ut
1025 1341 1180 1442 liquido
1195 1345 1301 1425 fateat

166 1476 245 1524 non
271 1451 394 1524 solum
417 1452 610 1553 superiora
637 1451 711 1537 illa,
746 1448 959 1551 dequibus
990 1450 1107 1525 modo
1141 1454 1303 1536 diximus,

167 1559 235 1634 sed
260 1574 297 1632 et
322 1561 444 1661 ipsum
469 1560 666 1663 proprium
693 1560 731 1633 in
755 1560 960 1661 posteriore
991 1577 1231 1661 pentametro
1254 1587 1302 1664 pc

166 1673 281 1745 situm
304 1673 582 1771 propemodum
606 1684 785 1770 tanquam
800 1671 1077 1771 supposititium
1094 1697 1138 1745 ac
1155 1674 1301 1747 nothum

166 1793 381 1880 suspectum
407 1778 536 1852 habeo.
563 1783 659 1852 Sunt
691 1793 815 1853 tamen
841 1805 1004 1868 rursum,
1022 1780 1090 1880 qui
1116 1781 1300 1882 repudiato

167 1901 331 1988 utroque
356 1889 507 1960 nomine
520 1882 592 1990 pro
608 1891 772 1963 Trisene
798 1888 926 1989 legunt
944 1891 1141 1963 Troezena
1168 1916 1303 1964 accuse

166 2000 244 2072 tivo
262 2002 388 2071 casua
404 2000 591 2088 Troezen,
603 1997 676 2072 hoc
692 1998 803 2072 titulo
823 1999 900 2071 sive
919 2000 1072 2071 nomine
1087 2024 1183 2100 opus
1195 1997 1303 2103 quod·

166 2106 255 2183 dum
279 2135 301 2180 a
325 2107 462 2181 Sabino
482 2122 658 2209 coeptum
671 2107 783 2181 fuisse
797 2109 1031 2181 sentientes.“
1055 2109 1157 2183 Haeo
1181 2105 1301 2208 Micyl-

167 2220 237 2292 lus.
270 2218 341 2291 Cui
366 2233 466 2293 recte
493 2220 660 2292 occurrit
687 2216 797 2291 lahn:
818 2220 993 2307 „Poterat
1012 2219 1173 2295 Ovidius
1189 2221 1228 2292 in
1252 2222 1302 2291 sa

165 2329 268 2417 bino,
282 2331 344 2403 eui
361 2329 521 2403 maxime
536 2328 728 2402 familiaris
748 2327 833 2418 fuit,
848 2325 991 2402 diutius
1006 2332 1146 2405 morari
1166 2338 1301 2432 (quem-

167 2437 376 2513 admodum
397 2454 562 2512 moratus
576 2439 680 2512 estin
695 2437 803 2512 Cotta
815 2465 848 2512 v.
863 2445 922 2517 41.
938 2440 1011 2533 L).
1036 2440 1169 2540 Neque
1187 2439 1300 2512 Sabini

167 2577 307 2625 nomen
332 2548 458 2622 deesse
473 2561 603 2650 potest,
625 2549 845 2648 praesertim
866 2573 954 2621 cum
967 2563 1076 2649 poeta
1093 2553 1130 2623 in
1152 2551 1301 2650 reliquo

167 2686 254 2734 rum
264 2671 459 2759 poetarum
475 2658 689 2759 aequalium
697 2657 913 2734 nominibus
921 2657 1160 2732 recensendis
1168 2673 1239 2730 tam
1254 2654 1301 2728 di·

170 2767 285 2868 ligens
311 2765 438 2840 fuerit.
458 2769 522 2840 Sin
549 2781 674 2840 autem
697 2768 769 2842 hoc
795 2765 980 2841 distichon
1001 2767 1128 2841 Ovidii
1152 2793 1226 2840 non
1245 2777 1302 2846 est,

168 2875 271 2950 unde
298 2890 424 2949 ortum
449 2878 506 2966 sit,
536 2903 612 2948 non
646 2889 808 2976 apparet.
859 2876 992 2949 Nullus
1030 2877 1124 2950 alius
1158 2878 1301 2977 scriptor

168 2987 271 3058 enim
281 2983 332 3058 de
350 2984 405 3058 his
421 2985 547 3059 Sabini
567 2986 756 3084 operibus,
774 3013 870 3086 quae
883 3011 1081 3086 nunquam
1107 2986 1202 3060 edita
1215 2997 1300 3068 sunt,

168 3095 380 3196 quidquam
396 3093 563 3183 tradidit,
573 3120 643 3168 nec
662 3097 817 3169 seriores
835 3095 1149 3184 habuerunt,‘cur
1162 3111 1197 3169 et
1211 3091 1298 3168 unde

169 3206 236 3282 hos
261 3233 390 3280 versus
417 3203 609 3306 fingerent.
651 3205 776 3278 Locus
802 3206 915 3306 igitur
947 3204 1195 3281 hauddubie
1228 3229 1299 3277 cor·

167 3331 314 3419 ruptus,
340 3318 404 3392 sed
430 3344 507 3391 non
531 3317 681 3417 spurius
707 3327 797 3389 est.“
821 3316 963 3390 Mtiller
987 3316 1010 3388 l.
1045 3317 1070 3390 l.
1102 3347 1138 3421 p.
1172 3326 1225 3397 63.
1254 3316 1311 3388 le³

168 3428 331 3501 ctionem
372 3430 527 3501 Troiam
562 3424 741 3525 praetulit
775 3441 812 3499 et
846 3426 1029 3500 Sabinum
1069 3452 1216 3520 carmen
1254 3422 1297 3496 de

166 3536 268 3613 bello
294 3541 457 3611 Troiano
484 3535 673 3610 inchoasse
699 3537 915 3637 suspicatus,
966 3534 1041 3610 Sed
1066 3552 1131 3628 est,
1158 3552 1198 3612 ut
1219 3559 1295 3608 vere

168 3650 315 3721 monuit
340 3645 441 3721 idem
465 3646 568 3736 lahn,
604 3644 694 3720 haec
728 3646 839 3722 lectib
872 3646 1028 3737 facilior,
1068 3675 1179 3750 quam
1211 3663 1311 3747 quae}

606 3923 611 3932 ,
1310 3925 1311 3928 ,

898 3983 901 3990 .
1310 3961 1311 3990 l

1310 4047 1311 4056 i
