2709 4675
165 237 305 300 XXXVI
388 299 391 304 .
522 245 952 310 PROOEMIUM.

166 367 252 464 quis
275 361 440 445 intanta
465 373 575 449 huius
599 389 728 477 poetae
753 375 999 478 simplicitate,
1026 373 1110 475 quis
1132 368 1295 444 omnino

165 485 361 566 ferendam
384 495 517 594 putetl
553 497 703 600 Sappho
728 513 871 589 autem,
898 525 1013 599 quam
1037 495 1206 571 scholion
1231 513 1301 565 co·'

167 610 263 684 dicis
296 616 593 692 Ratisboncnsis:
645 619 797 721 Sappho
832 636 942 694 uates
982 622 1131 695 Graeca
1177 615 1298 689 lesbis

166 733 221 814 erc
245 743 426 847 mitylena
451 745 600 816 civitate
639 743 691 815 ad
720 741 912 816 Phaonem
943 757 1147 816 amatorem
1179 763 1300 811 suum

163 887 235 963 per
262 863 455 951 Ovidium,
482 878 526 935 ut
549 862 790 936 arbitrantur
817 865 1009 951 nonnulli,
1041 862 1219 935 traducta
1238 864 1302 932 in-

164 989 272 1086 cipit,
299 983 378 1057 aliis
402 981 589 1058 Graecam
612 1009 690 1058 esse
714 988 917 1085 persuasit,
944 1011 1031 1086 ego,
1070 985 1099 1057 si
1126 983 1300 1082 reliquae

166 1106 372 1180 ovidianae
395 1119 498 1196 sunt,
532 1106 702 1180 omnium
727 1108 887 1212 maxime
917 1087 1142 1181 Ovidianam
1171 1102 1300 1177 rideri

166 1227 346 1319 dixerim3
383 1253 427 1301 ac
451 1226 729 1315 desiderantur,
760 1227 866 1329 quod
891 1254 1011 1330 usque
1037 1240 1182 1327 repeto,
1213 1227 1301 1298 eius

166 1352 221 1426 rei
246 1349 455 1423 testimonia
479 1350 670 1421 vetustatis
687 1362 724 1421 et
739 1348 900 1423 aliorum
917 1345 1299 1446 codicumsuffragia.

164 1474 296 1574 Neque
320 1496 409 1543 vero
436 1469 515 1558 ille,
552 1470 619 1570 qui
651 1468 723 1544 hoc
748 1468 916 1544 scholion
943 1469 1104 1570 scripsit,
1143 1467 1176 1539 ei
1212 1491 1301 1537 sen-

165 1590 302 1669 tentiae
326 1587 532 1664 admodum
556 1590 688 1664 favisse
712 1591 879 1681 videtur,
913 1594 1051 1693 quippe
1087 1589 1153 1690 qui
1178 1585 1298 1672 illud:

167 1730 213 1789 ut
240 1710 490 1785 'arbitrantur'
521 1714 713 1802 nonnulli,
739 1713 945 1787 addiderit.
996 1709 1082 1787 vid.
1108 1710 1199 1808 Cap.
1226 1708 1299 1782 lll.

165 1834 330 1907 Alterius
346 1835 559 1923 sententiae,
570 1832 750 1908 Ovidium
760 1835 1190 1936 imitatumPropertium
1203 1856 1298 1921 esse,

165 1955 384 2058 probatores
420 1970 533 2057 atque
571 1971 863 2058 propugnatores
898 1950 1089 2057 praecipui
1137 1956 1300 2030 luerunt

164 2079 326 2178 Vulpius
351 2079 390 2150 in
414 2077 643 2178 praefatione
667 2076 716 2151 ad
729 2069 983 2181 Propertium,
1013 2081 1079 2181 qui
1107 2104 1195 2152 cum
1220 2079 1298 2152 Na-

167 2201 266 2275 sonis
292 2212 481 2288 nnturam,
508 2214 666 2300 atquae
693 2203 732 2274 in
758 2226 801 2273 eo
826 2226 972 2273 summa
997 2201 1089 2288 fuit,
1127 2199 1204 2272 vim
1239 2199 1301 2270 in-

169 2320 345 2397 veniendi
369 2349 505 2420 parum
530 2335 744 2424 perceptam
768 2320 937 2415 haberet,
972 2321 1074 2423 apud
1099 2347 1186 2394 eum
1212 2319 1301 2394 ubi·
1349 2394 1350 2397 ,

166 2468 241 2546 que
271 2444 494 2529 imitationes
532 2446 715 2544 Propertii
758 2444 935 2518 odoratus
963 2461 1018 2518 est
1050 2459 1162 2546 atque
1195 2448 1302 2546 expi-

165 2567 299 2654 scavit,
330 2579 367 2638 ct
390 2569 629 2641 Burmannus
655 2566 851 2640 Secundus
876 2565 926 2639 ad
951 2567 1132 2666 Propertii
1158 2566 1221 2654 lv,
1248 2568 1300 2661 3.,

150 2687 234 2787 ·qui
262 2698 298 2757 et
326 2687 403 2785 ipse
428 2689 546 2760 nimio
571 2690 760 2789 scriptoris
786 2691 842 2762 sui
868 2713 993 2761 amore
1019 2701 1149 2787 captus
1170 2713 1301 2788 neque

166 2810 252 2883 setis
279 2809 424 2909 cognita
449 2810 588 2908 ingenti
615 2807 741 2882 Ovidii
767 2811 947 2883 memoria
971 2822 1006 2882 et
1023 2810 1101 2882 eius
1117 2807 1299 2908 singulari

167 2931 338 3006 omnium
362 2944 559 3030 poetarum
583 2944 619 3003 et
645 2933 816 3033 inprimis
835 2930 1031 3032 Propertii,
1057 2943 1098 3001 ut
1124 2931 1235 3002 amici
1260 2945 1300 3003 et

167 3053 235 3153 qui
260 3052 299 3123 in
325 3049 457 3123 eadem
482 3053 635 3124 materia
661 3067 698 3124 et
722 3055 810 3127 artis
833 3054 1191 3153 specieversaretur,
1218 3064 1300 3125 stu-

167 3171 242 3259 dio,
269 3170 388 3244 sicubi
414 3170 517 3272 apud
543 3170 725 3245 Ovidium
750 3186 815 3246 aut
838 3173 1012 3246 voculam
1037 3185 1102 3243 aut
1131 3170 1299 3271 phrasin,

167 3319 282 3394 quam
294 3293 405 3363 etiam
417 3294 455 3364 in
470 3295 663 3394 Propertio
679 3321 746 3367 suo
762 3308 961 3395 repererat,
975 3291 1297 3393 deprehendisset,

65 3405 73 3417 ’
169 3411 350 3487 Ovidium
383 3413 518 3514 cupide
552 3418 735 3515 Propertii
768 3418 891 3515 copias
928 3414 1104 3515 expilasse
1138 3416 1297 3486 censuit.

166 3539 241 3610 Pro
266 3538 367 3609 omni
394 3549 520 3608 autem
545 3551 765 3638 argumento
798 3536 1021 3623 attulerunt,
1056 3532 1161 3634 quod
1189 3533 1296 3633 apud

166 3658 407 3758 Propertium
432 3659 511 3753 (IV,
538 3660 590 3756 3.)
627 3673 786 3757 exstaret
824 3656 977 3757 epistola
1007 3653 1211 3728 Arethusae
1246 3654 1299 3728 ad

167 3782 372 3878 Lycotam,
407 3781 556 3852 etitem
581 3780 698 3882 elegia
723 3779 915 3854 Corneliae
940 3776 989 3850 ad
1013 3773 1209 3860 Paullum,
1248 3772 1300 3846 ad

167 3897 312 3975 iudices
337 3897 546 3975 inferorum
570 3917 607 3975 et
631 3901 768 3975 liberos
794 3926 880 3973 suos
906 3898 1063 3995 (1v‚9.).
1089 3893 1162 3963 Eas
1181 3891 1297 3990 igitur

169 4025 356 4098 imitatum
385 4021 577 4111 Ovidium,
604 4051 651 4096 ex
676 4024 720 4095 iis
745 4020 980 4096 contendunt
1014 4017 1174 4118 primam
1208 4040 1300 4087 eum

170 4144 433 4243 cogitationem
466 4145 691 4245 'concepisse
740 4140 949 4215 Heroidum
999 4134 1299 4212 scribendarum.

172 4264 278 4341 Conf.
305 4264 429 4337 Barth.
458 4265 506 4339 ad
531 4270 641 4366 Prop.
667 4292 703 4365 p.
727 4265 808 4338 286.
835 4277 872 4336 et
897 4259 1045 4347 Dusoh,
1073 4256 1208 4355 Briefe
1228 4284 1304 4331 zur
