2709 4675
152 223 227 286 xvi

70 424 73 429 ’
149 426 217 497 ret
241 424 486 530 apparatus
512 404 744 514 codicum,
764 423 849 495 aut
866 433 1028 496 earum
1046 402 1183 497 lectio
1203 408 1303 500 sin·

146 543 296 672 gulari
322 578 368 636 se
385 545 597 635 bonitate
611 544 972 657 commendaret,
983 568 1067 638 aut
1080 546 1117 637 si
1134 548 1184 637 in
1202 580 1303 673 gra-

147 685 357 777 vioribus
395 684 529 775 rebus
563 716 727 776 carum
757 715 1004 774 consensus
1023 685 1146 778 mire
1176 688 1300 810 quid

110 853 114 859 ·
148 825 365 917 codicum
404 823 755 916 nonnullorum
791 823 1069 949 scripturam
1098 849 1143 917 et
1168 860 1304 937 amc

150 987 382 1092 receptam
409 961 722 1076 confirmaret.

220 1246 275 1336 ln
306 1242 586 1336 coniecturis
614 1264 773 1335 autem
798 1243 1010 1335 virorum
1047 1246 1301 1341 doctorum

151 1386 426 1510 repetendis,
458 1370 578 1506 quae
609 1407 657 1476 et
691 1381 813 1508 ipsae
847 1407 1027 1509 partem
1052 1410 1306 1513 apparatus

149 1524 298 1616 critici
328 1525 554 1638 efficiunt,
581 1557 794 1646 quaeque
821 1524 873 1615 in
899 1523 975 1617 his
1006 1527 1306 1621 carminibus

149 1666 240 1756 fere
261 1687 332 1758 tot
357 1686 484 1777 sunt,
512 1686 631 1788 quot
650 1688 765 1756 sunt
787 1697 941 1756 versus
959 1688 1005 1756 ct
1026 1698 1105 1756 sen
1114 1668 1303 1779 tentiae,

145 1804 305 1930 paullo
330 1805 527 1897 severius
543 1804 734 1931 egimus.
752 1802 967 1929 Namque
989 1804 1211 1930 plurimis
1242 1808 1301 1901 in

147 1945 270 2058 lociS,
281 1945 364 2037 ubi
380 1946 608 2072 scriptura
618 1966 795 2068 recepta
805 1968 850 2037 et
860 1947 1076 2037 codicum
1099 1951 1304 2039 auctori·

147 2108 240 2176 tate
267 2082 402 2177 firma
436 2116 588 2207 neque
621 2082 720 2175 ulla
752 2085 1067 2212 corruptionis
1091 2087 1301 2212 suspicio

148 2224 497 2353 eratplerasque
514 2224 648 2318 nulla
668 2224 828 2315 habita
845 2257 998 2348 neque
1015 2224 1218 2352 ipsarum
1233 2231 1298 2321 ad

149 2399 340 2459 sensum
364 2365 591 2459 bonitatis
615 2397 770 2487 neque
795 2366 1029 2491 gravitatis
1043 2389 1187 2490 atque
1216 2370 1302 2460 do-

151 2506 326 2599 ctrinae
343 2528 593 2599 auctorum
620 2505 801 2597 ratione
826 2525 882 2597 ut
910 2504 1134 2599 inutilem
1154 2529 1305 2630 atque

153 2628 535 2773 supervacaneam
568 2643 902 2771 supellectilem
939 2646 1172 2758 eiecimus,
1219 2679 1304 2740 ne-

150 2819 242 2909 que
261 2818 447 2913 operam
469 2786 699 2899 dedimus,
722 2786 1010 2912 argumentis
1035 2788 1213 2878 easdem
1240 2814 1304 2883 ut

151 2926 483 3019 refelleremus:
518 2926 608 3017 nisi
642 2927 771 3040 sorte,
799 2928 927 3049 quod
951 2959 1080 3052 saepe
1110 2929 1299 3050 accidit,

150 3090 234 3159 aut
266 3069 387 3193 ipsae
418 3088 518 3160 aut'
539 3086 700 3158 earu'm
733 3066 993 3159 confutatio
1028 3067 1191 3159 lumen
1219 3054 1301 3161 ¹as-

152 3206 266 3298 serre
305 3207 417 3298 locis
450 3206 545 3299 illis
569 3218 736 3330 eosque
763 3206 975 3334 expedire
1006 3207 1295 3324 viderentur,

49 3390 52 3393 ·
96 3426 99 3433 .
148 3368 232 3438 aut
261 3347 426 3460 sicubi,
464 3349 591 3469 quod
629 3347 755 3438 idem
782 3358 911 3474 saepe
948 3348 1193 3474 contingit,
1222 3348 1299 3445 in·

148 3486 342 3613 signiter
382 3487 585 3579 lacerent
619 3488 678 3577 ad
721 3485 1044 3583 difficultatem
1080 3486 1298 3611 aliquam

148 3628 315 3719 autin
352 3626 884 3720 dicendoinsolentiam
920 3618 1296 3753 significandam.

110 3772 113 3781 '
150 3756 206 3858 ln
230 3766 342 3858 locis
369 3789 526 3859 autem
553 3766 783 3892 corruptis
810 3790 893 3858 aut
921 3768 1209 3894 ancipitibus
1225 3803 1297 3860 re·

47 3972 51 3977 -
149 3905 440 4034 ligiosissime
468 3940 629 3998 omnes
656 3908 941 3999 coniecturas
972 3908 1129 4035 collegi
1151 3932 1299 4032 atque

150 4048 358 4176 apposui,
400 4080 460 4138 ne
494 4049 613 4171 quid
635 4049 802 4138 'futuri
837 4048 1033 4142 editores
1073 4050 1298 4142 materiae

151 4212 292 4311 atque
315 4187 471 4315 copiae
490 4191 548 4280 ad
575 4212 782 4315 coeptam
812 4190 941 4311 quasi
970 4191 1155 4282 devera
1185 4193 1298 4284 scri-
