2709 4675
329 14 348 54 c
373 37 380 51 .
424 5 587 58 monent,
636 0 680 51 ¹¹4.
732 13 798 54 ccv.
820 12 882 73 pro
903 13 933 52 v.
966 34 985 69 .,
1038 13 1078 51 ue

280 77 380 154 >nand
401 67 453 136 44.
475 69 572 135 Trev.
594 75 663 135 ilus.
683 67 734 137 46
757 73 864 135 Guelf.
882 67 915 135 4.
934 73 1015 135 deae
1036 86 1085 133 est.

280 158 306 217 11
334 154 442 232 Goth„
471 153 587 216 Dresd.
623 169 667 215 est
693 155 796 217 omitt.
828 149 881 218 49.
905 155 1018 234 Tres„
1046 154 1085 215 Gi

281 238 394 299 Frunc.
417 258 551 319 unguen.
573 236 679 298 Guelf.
704 236 741 313 1.,
763 236 833 297 Erf.
853 238 1020 298 uiolatam.
1048 236 1086 298 51

279 319 392 381 Drcsd.
423 340 480 379 nec
507 320 574 381 tibi·
610 318 707 381 Goth.
734 319 764 381 9.
792 339 858 380 nou
882 321 968 380 nubi.
996 320 1083 379 Trev

281 404 345 462 erit.
368 401 473 462 Guelf·
493 395 523 463 4.
544 401 664 462 turbae.
686 401 792 477 Trev„
814 400 918 462 Guelf.
938 395 970 463 4.
989 421 1084 462 soror

280 505 308 542 v.
323 483 348 542 1.
369 503 507 543 ruemero.
530 482 634 544 Guelf.
656 478 685 544 3.
707 496 750 544 est
769 481 899 545 omittit.
920 483 970 547 53.
992 481 1084 542 Gicss

271 566 388 645 fertur.
411 564 516 625 Guelf.
537 564 578 641 3.,
600 563 733 625 Helmst.
752 585 775 624 6
795 585 861 625 rec.
883 586 953 644 ω,
968 562 1084 625 Dresd.

278 648 472 728 praefertur.
494 646 591 707 Trev.
612 659 782 720 narratur,
804 645 890 707 idem
910 666 972 728 pro
993 667 1023 706 v.
1043 646 1064 705 Ι.

278 727 376 790 Giess.
398 729 455 806 qui
474 747 507 787 se
527 728 687 789 concludit
707 730 741 788 iu
762 728 877 790 orbem.
897 726 1012 788 Dresd.
1032 749 1085 787 mes

278 810 386 870 ander.
408 809 504 884 Tres.
519 812 576 892 qui
594 822 648 870 101.
668 822 743 869 terr.
765 831 827 870 err.
838 810 991 870 meander
1010 811 1045 870 iu
1065 811 1085 867 is

279 891 400 951 eisdem·
421 889 472 954 56·
495 891 600 968 Tres„
623 891 729 951 Guelf.
751 892 791 967 9.,
812 889 852 967 3.,
873 890 1017 965 ΗθΙιιιεῐ,
1037 891 1084 951 Fr

274 991 356 1054 psas.
377 971 475 1034 Trev.
495 993 557 1054 pro
571 991 601 1033 v.
615 972 636 1031 l.
650 973 763 1033 bassas·
783 971 833 1035 58
847 971 948 1033 Giess.
969 973 1022 1033 iiie
1043 993 1085 1032 cua

274 1056 379 1136 pudet,
411 1075 473 1136 pro
501 1075 532 1114 v·
560 1053 581 1112 l.
610 1055 674 1114 nou
692 1054 822 1195 dudm
863 1051 914 1116 60.
942 1053 1045 1115 Guelf.
1071 1054 1085 1114 1

277 1135 400 1212 Dresd„
423 1136 539 1196 Franc.
562 1156 670 1220 oppos.
722 1157 799 1212 reu,
819 1134 889 1196 Erf.
910 1137 952 1196 im
977 1157 1021 1196 os
1043 1136 1085 1196 Τι

278 1218 370 1278 Trev.
391 1237 514 1291 nemea,
536 1215 620 1277 idem
642 1237 704 1299 pro
725 1239 756 1277 v·
777 1216 798 1277 1.
816 1218 917 1300 peliis
960 1218 988 1279 9.
1010 1217 1084 1278 Gies

274 1299 429 1374 reddidit,
453 1297 509 1361 sed
530 1320 591 1381 pro
613 1320 643 1358 v.
664 1298 685 1357 Ι.
706 1298 815 1359 edidit.
836 1292 886 1361 64.
907 1297 1039 1359 Helmst.
1061 1302 1085 1357 b.

281 1380 305 1440 1.
325 1383 404 1442 ulta.
428 1380 533 1441 Guelf.
554 1381 584 1444 9.
607 1401 717 1440 comae
737 1393 789 1440 est.
810 1378 860 1442 65.
883 1379 978 1441 Trev.
999 1401 1064 1440 nou

278 1474 345 1522 tent·
365 1461 416 1526 67.
436 1463 506 1524 Erf.
538 1483 603 1522 nec·
638 1460 688 1524 68.
717 1462 824 1537 Ττεν,
850 1460 956 1522 cuelf.
985 1462 1023 1538 1.,
1050 1463 1085 1521 Ρ]

278 1563 336 1624 pro
355 1565 386 1604 v.
407 1545 428 1605 1.
450 1568 466 1603 e
488 1565 553 1604 uos·
574 1541 623 1606 69.
646 1537 744 1604 Tres
763 1545 793 1603 si
812 1555 841 1603 te
861 1543 925 1602 bus.
946 1564 973 1604 c.
993 1567 1024 1604 u.
1046 1545 1080 1602 iu

276 1626 320 1685 sic
341 1628 449 1687 victor.
466 1566 565 1686 irrev.
586 1627 672 1685 victo
691 1626 806 1686 victor.
835 1624 910 1704 Arg.
931 1626 983 1685 uic
1008 1627 1085 1686 vicu

274 1706 424 1768 detrahet.
454 1707 608 1768 666119
637 1706 722 1767 diro·
759 1706 808 1769 79.
837 1705 939 1765 Giess.
962 1707 1084 1787 pudeat

277 1788 378 1850 Guelf.
398 1785 428 1851 4.
452 1811 507 1850 uec
525 1790 592 1928 ρι’ἷ.
613 1786 663 1932 793.
685 1788 939 1929 ἷτὲᾟοίηῗνΐὲἑ
954 1790 1019 1929 insili.
1047 1788 1085 1929 η701

274 1869 600 2015 8861694186618966.
622 1911 722 2012 Giess
736 1910 900 2031 serbi-unu
921 1911 971 2013 77.
993 1912 1085 2012 duell

273 2031 366 2094 Giess·
387 2034 526 2095 deducis·
547 2032 596 2096 78.
611 2032 716 2093 Guelf.
739 2033 766 2094 1.
787 2046 820 2092 tu
832 2051 954 2114 quoque
967 2031 1070 2109 sorm.

272 2134 327 2254 ἔξω
340 2116 376 2194 s.
398 2115 449 2179 79.
473 2113 577 2177 Guelf.
596 2107 626 2175 4.
649 2116 842 2257 inaquoties.
876 2112 927 2175 81.
949 2111 1009 2174 Hie
1029 2135 1059 2174 v.
1081 2115 1085 2172 i

301 2216 376 2273 rev„
399 2189 567 2273 Gue1f24„
591 2195 688 2256 Goth.
732 2239 750 2273 .‚
775 2191 890 2257 Dresd.
911 2194 1037 2256 diceris.
1054 2194 1083 2254 G

273 2278 545 2361 minuendumque
560 2281 818 2361 parasveuiam,
827 2275 926 2359 pudet
943 2280 987 2338 ab
1006 2278 1085 2338 celtu

273 2359 365 2438 pedes
386 2360 537 2421 dominae
554 2361 758 2443 procubuisse
780 2374 861 2420 tuae.
882 2358 932 2422 83.
956 2359 1061 2420 Guelf.
1082 2401 1085 2414 .

272 2439 365 2501 Goth.
390 2443 417 2503 1.
436 2444 564 2525 pompis
583 2445 739 2503 immania
760 2443 880 2502 semina
902 2440 1041 2502 lauduuu
1077 2443 1085 2502 1

270 2522 365 2588 rabis·
388 2525 484 2585 Trev.
505 2523 580 2584 diss.
594 2527 674 2597 suis,
696 2522 752 2585 sed
773 2544 834 2605 pro
855 2543 885 2581 v.
906 2522 927 2583 1.
948 2524 1015 2584 tibi·
1055 2523 1085 2585 81

270 2622 381 2666 manee.
405 2605 510 2667 Guelf.
535 2606 571 2681 1.,
593 2606 632 2683 9.,
652 2603 694 2681 4.,
717 2605 862 2680 ΗεΙωεῐ,
884 2603 981 2664 Goth.
998 2605 1035 2681 1.,
1056 2607 1085 2664 Ι)

270 2683 360 2745 Goth.
388 2687 418 2750 9.
441 2689 612 2747 immensos.
652 2686 704 2750 86.
733 2687 833 2747 Giess.
855 2686 1014 2764 infantem
1033 2689 1085 2746 uia

270 2764 364 2827 Goth.
387 2769 428 2844 9.,
452 2768 522 2829 Erf.
545 2769 635 2849 nuda
654 2769 850 2829 dilacerasse
869 2787 975 2827 manu.
996 2767 1083 2828 Trev

270 2844 377 2910 Dresd.
412 2850 572 2930 infantem
604 2854 702 2911 cunis.
739 2850 790 2913 87.
820 2846 917 2909 Goth.
946 2848 974 2910 1.
1002 2844 1085 2932 utque

270 2927 393 3008 Omnes,
409 2932 654 3014 praeterGiess.
676 2940 710 2992 et
729 2934 814 3014 Arg.²
837 2951 917 3012 aper
937 2932 971 2990 in
992 2952 1085 3014 cupre

270 3009 367 3074 Guclb
395 3012 435 3090 3.,
467 3014 583 3074 Franc.
613 3014 754 3076 incubuit
781 3026 885 3074 vasto·
914 3011 1010 3073 Goth.
1039 3013 1069 3076 9.

270 3087 368 3154 Gneus.
389 3092 419 3159 3·
450 3094 547 3156 ctiam
575 3096 696 3156 laedat.
730 3093 831 3157 Giess.
858 3095 958 3154 laesit.
989 3095 1084 3156 Trcv.

270 3172 366 3236 66611.
386 3177 427 3253 9.,
453 3170 485 3238 4.
512 3180 667 3241 ibraiciis.
699 3176 795 3239 Goth.
822 3178 851 3238 9.
881 3175 1000 3262 infixa.
1034 3175 1084 3239 90.

270 3250 355 3318 Trev.
372 3267 405 3320 et
420 3255 519 3319 Gotlu
541 3261 619 3337 9.,,ε
641 3280 710 3320 uae.
731 3256 781 3322 91.
801 3257 905 3320 Guelf.
925 3253 955 3321 4.
976 3281 1034 3342 que
1055 3279 1085 3318 οι

270 3348 393 3421 praeter
413 3338 547 3403 Helmst„
570 3351 604 3403 et
620 3283 751 3416 branc„
772 3341 920 3422 gerionis.
948 3339 997 3403 93.
1020 3340 1085 3402 Tre

270 3419 353 3483 uices.
373 3417 424 3486 94.
446 3422 552 3484 Guelf.
565 3424 605 3500 3.,
627 3424 744 3484 Franc.
767 3422 919 3482 cerberos.
942 3420 991 3485 95.
1006 3424 1085 3483 Frat

270 3499 470 3569 fecundam
491 3501 541 3569 96.
549 3505 644 3569 Trev.
663 3524 725 3588 pro
736 3526 766 3565 v.
775 3502 796 3563 l.
800 3504 926 3582 seru'lis
941 3517 993 3565 est.
1004 3503 1085 3585 Tres

617 3912 626 3927 Ι
