2709 4675
475 365 822 455 semerom
861 369 1003 456 xvi.

290 515 1180 680 Pautsflanuuan

162 831 260 905 Paris,
271 831 357 908 fitius
364 829 490 902 Priami,
507 841 571 904 post
588 829 733 892 iudicium
751 829 828 892 illud
847 834 982 906 dearum,
996 832 1028 892 in
1049 853 1106 912 qtto
1119 833 1228 906 Venus,
1239 857 1305 916 pro·

243 1075 365 1154 hospitio
385 1086 520 1153 exemtus
540 1086 590 1136 ost.
616 1075 672 1137 Ubi
697 1075 884 1155 aliquamdiu
911 1088 1053 1148 moratus,
1080 1097 1173 1154 quum
1206 1081 1306 1139 Maro·

242 1159 309 1218 taus
328 1155 385 1216 iter
405 1156 522 1217 Cretam
541 1157 720 1236 suscepisset,
748 1179 783 1218 ea
811 1161 880 1217 usus
906 1158 1131 1238 opportunitate,
1158 1170 1191 1218 ut
1219 1159 1306 1221 Hole-

241 1259 313 1302 uam
334 1257 378 1309 eo,
398 1258 455 1315 quo
475 1238 574 1308 vultu,
594 1240 764 1312 ottduoeret,
785 1240 865 1299 tanc
885 1240 913 1298 ei
929 1240 1026 1299 scribit
1045 1240 1218 1313 Epistulam.
1244 1244 1304 1304 Lu-

239 1322 318 1379 eian.
351 1319 510 1391 Iudicium,
545 1318 690 1379 Coluthus
717 1322 755 1379 da
784 1321 885 1399 Roptu
908 1320 1050 1394 Helenus,
1078 1320 1157 1404 Hyg.
1184 1321 1218 1385 F.
1247 1321 1304 1396 92,

238 1401 319 1462 Dict.
340 1400 415 1462 Cret.
435 1402 464 1476 t,
485 1401 525 1474 t,
544 1400 668 1463 Homeri
686 1401 724 1462 tt.
744 1412 772 1461 et
794 1401 853 1461 Od.

155 1592 310 1754 Hanc
335 1670 402 1743 tibi
428 1667 632 1744 Priamides
657 1670 777 1761 mitto,
802 1668 959 1760 Ledaea,
985 1670 1155 1762 salutem,

205 1780 312 1878 Quae
337 1780 452 1866 tribui
479 1779 556 1853 sola
581 1794 618 1852 te
643 1778 736 1853 mihi
762 1778 873 1853 dante
897 1793 1027 1881 potest.

154 1890 345 1992 Eloquar?
378 1919 426 1963 an
451 1888 619 1962 flammae
644 1916 723 1963 non
749 1903 804 1962 est
829 1915 923 1989 opus
948 1888 1073 1962 indice
1098 1902 1235 1984 notae3

203 2005 255 2076 Et
279 2001 375 2102 plus,
403 2027 515 2101 quam
542 1998 689 2088 vellem,
716 1998 789 2071 iam
813 2025 919 2072 meus
943 2013 1061 2072 exstat
1085 2000 1217 2088 amor?
1256 2094 1266 2104 Ι

155 2116 224 2189 Ille
250 2112 406 2216 quidem
430 2112 540 2183 lateat
565 2109 704 2197 malim,
731 2108 825 2183 dum
849 2123 1017 2209 tempora
1043 2109 1182 2185 dentur
1282 2123 1305 2193 ὅ

201 2225 390 2311 Laetitiae,
415 2223 551 2294 mixtos
574 2246 651 2291 non
676 2217 849 2292 habitura
873 2233 1011 2313 metus3

153 2334 228 2411 Sed
253 2332 350 2407 male
369 2329 588 2405 dissimulo:
616 2330 701 2431 quis
723 2329 823 2423 epim
848 2328 1023 2404 celaverit
1047 2329 1179 2434 ignem,

204 2444 365 2520 Lumine
392 2441 459 2542 qui
484 2464 631 2539 semper
654 2437 832 2549 proditur
856 2441 933 2541 ipse
958 2438 1048 2513 suoi

192 2656 221 2721 1.
255 2649 364 2716 Hunc'
383 2649 543 2710 ¹Fortasse
581 2649 704 2709 rectius
750 2649 802 2723 tv,
824 2647 905 2723 288,
933 2653 1080 2734 Cytherea
1104 2648 1166 2711 hac
1199 2651 1311 2735 Epist.

153 2744 212 2802 troo
233 2739 291 2812 tibi,
310 2754 353 2792 sc.
384 2737 513 2816 epistola,
542 2737 623 2795 nsitto
657 2734 709 2794 tibi
745 2752 774 2790 v.
794 2731 861 2799 204
882 2734 1007 2796 Bistonis
1026 2741 1073 2791 est
1087 2731 1169 2793 iussa
1181 2733 1311 2811 v.3tl4.‚

153 2826 288 2893 sulutem,
309 2821 344 2873 ut
371 2811 472 2895 Epist.
500 2815 583 2873 XIX.
612 2817 707 2878 verbis
747 2819 780 2871 et
811 2811 909 2870 Trist.
936 2813 959 2885 t,
989 2816 1038 2887 10,
1068 2810 1118 2880 I&
1159 2819 1311 2880 Βῑςιοηῑρ,

91 2912 93 2925 '
152 2900 417 2965 mitteresolutem.
439 2892 512 2953 vid.
540 2892 580 2953 ad
601 2894 704 2976 Epist.
746 2890 818 2954 vid.
840 2900 906 2952 not.
928 2891 968 2952 ad
989 2893 1091 2976 Epist.
1112 2896 1234 2975 XVIII,
1256 2901 1291 2963 2.

153 2985 177 3058 Ι,
200 2986 227 3046 I.
247 2976 307 3040 Sed
331 2977 457 3059 vulgata
479 2974 610 3036 defendi
642 2996 706 3058 po·
786 2989 816 3053 3,
836 2990 991 3071 Eloquar?
1011 3003 1215 3074 anflammoe
1243 3009 1313 3070 aa,

153 3071 217 3125 test
238 3080 274 3120 1²1¹
296 3059 392 3118 TPISI·
414 3058 452 3133 Vr
474 3058 524 3133 13,
545 3058 622 3122 m·
745 3091 807 3147 „an
830 3089 894 3129 non
917 3091 996 3150 opus
1018 3081 1065 3131 est
1086 3071 1208 3148 indice,
1229 3096 1313 3156 pro·

191 3164 270 3217 Hanc
290 3167 352 3210 tuus
372 3175 388 3209 e
408 3156 507 3209 Getico
532 3158 623 3208 mittit
649 3155 705 3208 tibi
747 3150 852 3210 ditare
874 3158 919 3224 (v.
945 3153 992 3227 8.]
1021 3153 1137 3213 amoris
1165 3175 1249 3240 erga
1279 3164 1313 3217 te

446 3234 518 3287 Naso
538 3234 665 3298 satutem,
745 3232 820 3308 mei,
835 3239 871 3290 nt
886 3232 948 3292 iam
968 3235 1121 3316 cogniti,“
1137 3255 1181 3296 sc.
1208 3258 1247 3298 ex
1263 3238 1314 3311 iis,

229 3316 344 3369 Mittere
363 3312 386 3365 si
407 3314 562 3382 quisquan,
582 3328 638 3381 (1⁰⁰
659 3327 705 3362 0²·
747 3333 829 3396 quae
851 3315 935 3374 infra
949 3315 1086 3395 'copiose
1117 3326 1313 3378 narrantur.

413 3398 456 3441 ¹0²
475 3389 544 3458 ³9⁸0,
563 3395 665 3458 P02ffl·
784 3393 816 3460 4·
839 3400 963 3472 Vellem,
982 3417 1024 3455 sc.
1047 3396 1072 3454 si
1102 3395 1135 3455 id
1163 3398 1201 3458 in
1235 3419 1313 3460 mes

559 3480 664 3539 Busta.
746 3482 829 3536 esset
851 3484 1023 3556 potestate,
1040 3474 1074 3536 id
1093 3477 1166 3539 fieri
1183 3488 1314 3561 posset.

150 3560 216 3621 Pro
236 3566 352 3624 Ledaea
372 3556 704 3638 Heins.hicetEpist.
744 3557 821 3617 Sine
848 3556 908 3617 hac
945 3558 1141 3642 cogitatmus
1179 3561 1314 3622 dicitnr

147 3644 232 3715 XIII,
254 3642 303 3708 61.
325 3637 530 3701 scribendum
572 3643 705 3703 utatLe·
743 3644 842 3705 velim.

149 3729 227 3800 daei,
249 3724 346 3806 „quia
368 3729 479 3782 noster
498 3660 703 3802 padonymi-
782 3719 811 3783 5.
833 3724 938 3785 Lateot
958 3725 1070 3784 malim·
1091 3720 1145 3782 Sic
1159 3721 1267 3784 codd.
1279 3731 1315 3783 et

128 3807 195 3871 ,cis
225 3805 356 3865 Graecis
386 3806 530 3884 impense
559 3799 704 3861 detecte·
743 3808 821 3860 vett.
866 3799 939 3862 edd.
986 3802 1189 3865 Burmannus
1232 3826 1316 3866 cum

149 3890 236 3948 tur.“
258 3887 356 3964 Quasi
384 3905 449 3944 non
481 3882 705 3965 I'requentissi-
745 3884 845 3965 vng.:
868 3888 970 3947 malim
990 3889 1088 3947 lateat.

149 3968 221 4030 inae
259 3965 345 4049 apud
380 3967 538 4026 Nasonem
579 3964 703 4023 formae
785 3966 814 4030 6.
846 3970 966 4030 Meros.
1002 3966 1189 4048 Gron.pro
1211 3989 1244 4027 v.
1271 3968 1316 4029 L:

149 4050 284 4110 Latinae
307 4049 506 4107 Graecorum
535 4054 568 4106 et
599 4046 704 4104 uomi-
745 4071 844 4112 nosos.

151 4154 229 4191 ntem
260 4137 294 4189 et
319 4128 617 4208 patronymicorum
650 4146 704 4187 ex·
783 4126 813 4193 8·
836 4132 982 4193 Proditus.
1002 4130 1076 4189 Duo
1105 4126 1204 4188 libri:
1227 4154 1320 4211 pm-

152 4209 294 4272 starent!
318 4213 469 4294 Cythereis
497 4218 545 4271 est
573 4210 702 4270 Metam.
742 4215 831 4274 ditur.
850 4210 1035 4292 Perperam.
1046 4209 1148 4294 Epist.
1170 4212 1235 4289 XI,
1261 4194 1317 4278 ᾗ..
