2709 4675
337 393 684 480 nulsuuuu
724 392 886 483 xlll.

178 607 556 703 LAODAMIA
602 604 1060 704 PROTESILAO.

51 860 151 938 Quum
177 858 272 918 uenus
296 855 519 918 adversantibus
538 857 715 918 Protesilaus
735 876 804 918 eum
823 856 924 917 ceteris
951 854 1091 917 Graeciae
1106 854 1193 934 prin·

76 986 81 995 ,
126 939 234 1017 cipibus
270 942 311 999 ad
346 941 453 998 bellum
485 940 645 1000 Troianum
670 938 844 1017 preptecturis
871 936 979 998 Aulide
1004 938 1193 1013 detineretur,

126 1019 300 1093 Laodamia,
322 1039 398 1080 uror
416 1020 488 1092 eius,
509 1019 628 1081 somniis
647 1033 675 1081 ct
705 1020 840 1080 nuntiato
860 1039 997 1099 resportso
1026 1019 1090 1093 illa,
1111 1038 1192 1093 mm,

126 1102 176 1183 ptri
196 1103 338 1181 primuse
358 1103 450 1162 etasse
473 1102 588 1163 Graeca
607 1101 640 1160 in
667 1102 735 1162 titus
764 1101 924 1162 Troianum
953 1120 1081 1181 auersus
1107 1109 1189 1175 atet,

120 1183 295 1262 periturum,
321 1182 473 1257 exterrita,
501 1185 581 1244 lianc
610 1184 716 1243 nuarito
743 1183 856 1260 scripsit
887 1182 1057 1263 Epistulam.
1100 1181 1187 1242 llam.

122 1264 261 1338 tutudit,
275 1260 346 1327 698.
360 1265 562 1348 sqq.,tlyg.F.
579 1262 658 1338 103.,
679 1264 800 1327 Luciam
823 1264 904 1325 Dtat
926 1263 1018 1326 Aeaei
1037 1264 1209 1325 etPrnteui

39 1456 204 1622 Mittit
229 1547 267 1608 et
290 1547 394 1633 optat
418 1560 557 1623 amans,
584 1560 662 1634 quo
687 1535 861 1624 mittitur,
886 1537 953 1625 ire,
977 1533 1135 1609 sulutem

87 1645 286 1720 Haemonis
311 1642 516 1719 Haemonio
541 1642 744 1723 Laodamia
768 1645 861 1718 vire.

80 1844 108 1909 l·
148 1846 207 1907 Ire.
250 1837 432 1901 Delendnm
468 1863 592 1903 commu
630 1848 672 1909 ire
700 1841 873 1926 pertineat,
902 1848 1009 1902 tamen
1037 1840 1181 1924 proxime

36 1928 182 2009 postir03
200 1919 315 1981 durior
328 1921 413 1981 enim
431 1924 593 1984 ratioMi-
631 1927 782 2008 iungatur
801 1921 873 1981 voci
900 1927 997 2001 mittit,
1028 1924 1179 1984 nimirum

38 2003 323 2090 cylli,verl›orum
344 2001 591 2067 ordinemlrunc
630 2014 769 2089 propter
788 2001 929 2065 dativum
950 2004 1041 2064 illum
1071 2024 1178 2064 versus

39 2084 285 2148 constituentis:
315 2087 429 2150 Amans
453 2090 592 2152 Aemonis
631 2086 803 2169 sequentis,
826 2085 880 2167 qui
904 2084 1178 2167 regitururerbo

38 2172 203 2235 Laodamia
240 2171 328 2231 mittit
362 2171 487 2232 satutem
526 2174 592 2234 viro
629 2174 727 2247 mittit,
746 2175 780 2227 et
800 2167 845 2227 sie
865 2165 934 2226 sere
961 2165 1069 2226 laeum
1096 2187 1175 2226 eun·

39 2248 183 2316 Aemonio
213 2262 239 2313 ct
269 2260 348 2325 optat
375 2272 408 2311 eo
436 2252 498 2326 ire,
533 2275 591 2332 quo
629 2247 836 2311 struendum:
876 2251 995 2313 Mittit
1026 2271 1173 2324 amant,

36 2338 164 2397 mittitur
178 2337 266 2395 salus.
285 2328 440 2390 Nimirum
454 2330 589 2394 sollicita
629 2348 657 2398 ct
684 2347 763 2419 optat
794 2354 851 2415 qtto
884 2334 1010 2395 mittitur
1035 2333 1078 2395 ire
1112 2332 1170 2410 (se.
1196 2383 1202 2400 „

40 2421 113 2473 erat
134 2410 305 2472 Laodamia
332 2409 372 2471 de
394 2411 494 2472 salute
516 2413 588 2489 viri,
627 2414 789 2494 sulutem),
803 2418 961 2478 salutem
976 2415 1177 2476 Haemonio

37 2491 587 2578 quamsollicitaulinemetiamtotu
625 2500 717 2561 viro.
755 2497 890 2556 Veteres
921 2494 1040 2553 rectius
1075 2500 1175 2552 totum

34 2575 97 2636 hac
120 2574 265 2655 Epistola
287 2572 438 2633 ostendit.
486 2576 588 2658 lgitur
626 2577 818 2638 sententiam
858 2595 921 2634 non
963 2574 1175 2657 interpunge-

33 2655 195 2717 Ovidiauo
217 2676 308 2715 mure
329 2656 435 2715 statim
457 2678 474 2716 u
495 2657 587 2738 prin·
624 2658 713 2718 luunt.
744 2658 807 2734 Qui
830 2676 908 2715 vera
936 2653 1014 2715 illud
1040 2670 1071 2719 et
1094 2668 1176 2739 optat

29 2737 119 2820 cipio
142 2736 240 2797 veluti
261 2757 415 2796 summam
437 2758 498 2818 pro
524 2738 587 2798 osi·
621 2762 729 2803 aniam
747 2762 804 2823 quo
818 2742 943 2801 mittitur
952 2742 1005 2813 ire,
1016 2744 1052 2796 ut
1065 2736 1171 2818 paullo

29 2827 97 2879 tam
123 2816 276 2882 habemus
293 2819 481 2900 argumenti,
493 2760 585 2879 ‹lum-
624 2819 777 2903 frigidius,
800 2839 865 2877 non
881 2817 1074 2878 Ouidianum
1094 2836 1174 2876 eeu·

27 2897 128 2960 modo
154 2899 384 2980 simplicissime
411 2920 485 2960 eum
513 2900 585 2960 Cri·
624 2911 707 2978 seut,
742 2901 926 2962 refutantur
953 2908 988 2961 et
1015 2919 1172 2959 consensu

27 2981 124 3063 spino
161 2980 432 3061 interpretemur:
463 2995 489 3044 et
517 3007 583 3046 eam
624 2983 781 3043 librarum
811 2985 844 3042 et
870 3002 948 3042 uero
977 2981 1075 3043 etiam
1106 2981 1171 3045 boc

26 3068 157 3126 satutem
176 3066 255 3145 eupit
271 3066 499 3146 perveniretque
515 3069 584 3128 mit·
622 3064 695 3125 loco
717 3065 810 3125 Pont.
833 3065 884 3142 ΙΙΙ,
904 3065 934 3139 9,
956 3067 984 3131 l.
1004 3071 1039 3124 et
1057 3064 1087 3128 2.

24 3149 107 3208 titur·
131 3148 224 3208 Laud.
249 3141 345 3218 Quod
367 3149 492 3207 salutem
509 3166 582 3204 cum
661 3153 751 3223 Quam
772 3150 839 3220 legia
856 3167 872 3202 a
887 3150 969 3201 nobie
985 3150 1091 3202 mittum
1107 3151 1170 3219 tibi,

23 3229 69 3289 ire
91 3222 355 3306 coniungendam
381 3233 492 3285 censet
511 3226 580 3287 Van
894 3229 986 3293 (nuta,
1006 3227 1131 3293 alutem,

22 3306 181 3389 Lennep,
211 3305 305 3366 l'aeile
340 3306 512 3381 assentior,
546 3314 582 3366 ut
699 3301 1170 3380 Minarttutuerepementatpna

22 3385 116 3468 qnod
165 3386 338 3448 verborum
381 3389 580 3448 constructio
775 3380 781 3396 ⁸
1028 3401 1165 3468 preeunt

20 3469 161 3529 omnino
182 3469 333 3550 postulet.
367 3465 464 3544 Nam,
495 3476 532 3529 ut
562 3492 580 3529 a
622 3466 715 3526 Cous.
738 3468 838 3551 Epist.
858 3469 909 3528 lv.
932 3465 1170 3536 initflarmonts

19 3549 158 3632 Micyllo
174 3551 371 3630 propositam
387 3550 580 3611 sententium
621 3554 783 3614 Haemonio
801 3571 862 3631 pro
883 3553 1172 3617 AeurouisAemonia

18 3630 578 3712 locuscontineretpoetueomnino
621 3630 766 3691 dedimus
795 3652 866 3692 euin
907 3632 1104 3714 Heusingero
1134 3643 1168 3695 et

21 3710 214 3772 addendum
248 3720 319 3772 erat
345 3718 438 3797 ipsam
468 3713 515 3773 vel
536 3739 579 3791 se,
622 3711 720 3771 lalrn'o
750 3733 785 3773 ex
824 3713 939 3773 nostrie
967 3715 1166 3794 temporibus

16 3792 576 3875 necsiesutiaplanusessetsensus.
621 3793 787 3855 obseruata
825 3796 950 3855 ratione
992 3795 1165 3857 scribendi.

13 3874 83 3935 Sed
120 3882 235 3935 contra
266 3875 424 3957 Lennepii
447 3884 578 3936 senten·
617 3882 762 3962 Phylace,
777 3875 830 3936 ubi
845 3875 1036 3937 Protesilaus
1052 3898 1088 3937 re
1112 3901 1169 3939 uu·

15 3957 98 4017 tiam
130 3954 333 4017 retinendum
361 3965 442 4038 puta
474 3956 577 4017 inter·
616 3959 671 4032 vit,
695 3957 849 4040 oppidum
877 3965 948 4019 erut
976 3901 1165 4022 Thessaliae.

12 4038 235 4119 punctionem
251 4046 407 4115 veterem,
429 4059 471 4099 se.
488 4059 577 4099 eom·
617 4038 698 4097 Ptin.
723 4041 760 4098 ll.
782 4040 817 4098 u.
841 4039 892 4114 lV,
914 4043 942 4104 9.
982 4038 1065 4099 lline
1085 4047 1167 4107 Hae,-

12 4141 67 4178 mu
100 4127 178 4202 post
207 4123 261 4198 ire,
288 4129 324 4181 ut
354 4141 412 4180 vox
440 4127 576 4197 satutem,
617 4125 711 4185 uranie
730 4126 914 4203 Haemorri03
936 4141 1007 4178 uam
1029 4120 1165 4184 Theaua-

11 4199 97 4261 licet
117 4197 204 4284 quad
221 4201 402 4264 adsensum
424 4203 574 4264 etiamad
617 4202 677 4264 liae
700 4202 874 4266 lluemoniu
901 4221 1019 4263 ttamen
1047 4210 1097 4264 est
1124 4204 1164 4267 ab

896 4285 967 4362 tu*
