2709 4675
1141 219 1328 336 xlx

63 458 207 585 plicae
254 458 394 550 initia
437 481 656 573 exaratus,
706 492 850 583 quem
881 451 951 572 sut
996 493 1094 554 non
1140 455 1194 555 in

61 597 452 724 praestantissimis
487 602 841 691 numerandum
878 632 1099 715 censeam,
1129 603 1196 694 sic

62 771 134 829 nec
167 735 339 831 infima
363 760 473 829 nota
494 740 775 830 notandum.
813 739 1032 831 Eundem
1052 739 1195 833 etiarn

59 877 102 970 N.
134 878 360 972 Heinsius
393 911 536 1005 saepe,
571 880 648 970 sed
686 877 844 972 tamen
875 912 973 971 non
1002 880 1194 1004 ubique,

60 1016 128 1108 ubi
165 1019 377 1133 debebat,
414 1017 812 1111 commemoravit.

114 1156 369 1273 Quartum,
388 1158 634 1281 quintum,
661 1182 844 1252 sextum
875 1183 920 1252 et
936 1160 1194 1287 septimum

58 1293 203 1390 locum
224 1322 391 1392 tenent
405 1298 581 1391 codices
598 1295 969 1428 Guelferbytani,
986 1334 1193 1423 quorum

57 1438 188 1531 varias
224 1438 446 1531 lectiones
480 1461 686 1531 enotasse
720 1437 928 1531 diximus
963 1442 1036 1531 Fr.
1073 1442 1195 1531 Heu·

56 1575 298 1704 ringemm,
335 1579 419 1702 qui
456 1580 639 1672 eosdem
666 1580 800 1671 hunc
819 1578 976 1672 lereiu
992 1581 1212 1678 modum'

58 1716 306 1844 descripsit:
502 1839 505 1846 ἱ
823 1739 826 1744 ’

113 1856 172 1950 Et
183 1858 472 1981 antiquitate
485 1883 532 1952 et
544 1860 756 1953 bonitate
773 1860 896 1951 inter
915 1860 1000 1952 hos
1015 1862 1196 1954 eminet

57 1981 1196 2128 illequemGuelferbytanumprirnumappellarc
1236 2025 1238 2030 '

57 2131 204 2231 libuit
244 2142 455 2231 Aetatem
491 2138 591 2232 eius
625 2140 684 2230 ad
709 2139 1023 2231 undecimum
1046 2174 1196 2232 saecu·
1249 2153 1251 2163 ¹

59 2269 152 2369 lum
186 2278 225 2372 si
265 2276 576 2395 retulerimus,
611 2303 698 2371 aut
731 2271 934 2371 omnino
970 2311 1069 2371 non
1112 2303 1196 2374 aut

59 2439 166 2510 certe
189 2451 291 2511 non
320 2419 533 2512 multum
553 2454 581 2510 a
603 2453 709 2512 vero
736 2419 1067 2513 aberrabimus.
1103 2422 1198 2512 Au-

60 2559 312 2652 ctoritatem
339 2560 485 2651 huius
513 2559 623 2650 libri
651 2593 749 2650 non
777 2592 867 2650 esse
894 2582 1196 2666 contemnen-

62 2694 172 2810 dam,
186 2733 241 2791 ex
258 2732 310 2791 eo
333 2699 610 2811 iudicamus
619 2700 747 2823 quod
761 2698 1043 2824 saepiusille,
1052 2734 1197 2822 qnam

60 2833 261 2961 plerique
280 2838 361 2929 alii
385 2839 572 2950 codices,
591 2871 701 2930 cunr
722 2839 1062 2964 exemplaribus
1079 2841 1197 2964 opti-

61 2975 152 3089 mis,
173 2978 469 3101 marimeque
498 3011 609 3069 cum
635 2980 869 3069 Puteaneo
886 2979 1067 3069 Heinsii
1091 3012 1197 3070 con-

61 3117 202 3210 sentit.
238 3117 405 3245 Operis
425 3117 669 3243 inscriptio
687 3118 724 3210 si
742 3152 834 3240 qua
852 3119 958 3231 luit,
973 3140 1197 3210 vetustate

63 3256 240 3375 penitus
255 3256 462 3350 exolevit.
498 3256 815 3385 Epistularum
837 3258 1195 3384 quoquesingu-

65 3388 847 3524 laruminscriptionesevanuerunt
863 3399 938 3510 ita,
954 3398 1194 3490 utharum

64 3535 129 3623 rix
145 3569 291 3660 pauca
315 3539 500 3666 vestigia
522 3538 885 3665 conspiciantur.
905 3594 962 3608 -
977 3538 1111 3628 Duae
1124 3572 1193 3629 co

65 3670 167 3767 dicis
192 3700 421 3770 extremae
439 3678 624 3771 tabulae
642 3710 742 3768 non
765 3676 931 3770 misere
947 3676 1103 3768 solnm
1121 3677 1194 3770 de-

66 3811 197 3932 tritae,
219 3821 297 3911 sed
324 3818 493 3942 aliqua*¹
513 3819 587 3910 sui
619 3841 749 3944 parte
781 3817 923 3929 ctiam
955 3841 1195 3909 truncatae
1281 3912 1287 3925 ,

66 3977 174 4047 sunt.
861 4064 866 4071 ,

124 4092 337 4189 Alterum
362 4097 581 4211 codicem,
608 4099 692 4220 qui
717 4096 854 4188 nobis
872 4092 1194 4226 Guelferbyta-

68 4257 145 4326 nus
157 4238 474 4352 secundusest,
486 4234 1193 4364 Gudianusapparatusobtulit.
