2709 4675
173 166 277 229 thv
521 164 951 234 PROOEMIUM.

173 298 288 372 libros
314 298 431 373 divisa
456 285 714 399 reperiuntur,
749 311 785 370 ct
810 296 916 398 quod
952 298 1058 399 longe
1085 279 1314 401 plurimi'et

172 420 473 521 praestantissimi
512 420 666 520 omnino
692 419 835 491 nullam
860 447 993 493 eorum
1019 424 1056 494 in
1076 421 1192 498 libros
1210 421 1313 496 divi-

170 543 312 618 sioncm
346 556 560 644 agnoscunt.
610 541 728 636 Quod
753 555 878 615 autem
909 543 975 616 illo
1005 542 1090 617 loco
1115 546 1314 616 Amorum

170 670 329 764 (thid.)
365 668 532 768 priorem
565 679 711 738 tantum
737 692 870 738 eorum
894 679 1061 768 partem,
1095 694 1191 768 quac
1220 669 1314 768 qui-

172 789 260 862 dem
294 815 352 862 res
386 788 468 860 illos
492 789 592 860 viros
618 789 658 860 in
684 815 726 860 ea
752 761 925 888 opinibne
940 788 1048 862 valde
1061 788 1312 865 confirmasse

170 911 333 1003 videtur,
354 924 462 1012 poeta
478 911 716 1000 memorarit3
735 912 899 1012 primum
914 911 1121 985 tenendum
1143 927 1211 1000 est,
1241 941 1314 986 ne-

172 1061 247 1136 que
269 1036 405 1136 prioris
431 1035 545 1134 partis
571 1025 756 1133 Epistulas
781 1059 909 1106 omnes
928 1034 978 1108 ibi
994 1035 1205 1136 significari,
1235 1039 1311 1110 sed

173 1185 256 1230 eam
281 1183 358 1229 esse
384 1156 457 1229 loci
483 1169 667 1243 naturam,
707 1169 749 1227 ut
773 1158 919 1256 poetico
946 1169 1093 1230 tantum
1117 1157 1237 1231 modo
1272 1175 1311 1232 et

171 1280 290 1379 magis
322 1281 362 1351 in
392 1304 526 1378 genere
556 1292 664 1379 poeta
691 1278 869 1354 'videatur
900 1307 1029 1352 earum
1066 1281 1310 1354 mentionem

173 1404 302 1476 secisse
341 1414 378 1472 et
393 1427 479 1494 *non
511 1402 571 1491 ita,
607 1414 649 1473 ut
672 1402 833 1502 singulas
869 1429 958 1475 cum
993 1403 1090 1473 veris
1128 1403 1308 1499 ipsarum

172 1525 388 1600 nominibus
427 1550 469 1597 ae
507 1524 625 1596 titulis
661 1501 845 1597 ⁸accurato
886 1524 1054 1598 referret.
1105 1522 1217 1597 Unde
1267 1528 1309 1598 in

170 1645 360 1748 promptu,
397 1671 467 1719 nee
500 1648 578 1718 sine
615 1674 746 1746 magna
786 1633 907 1747 specie
945 1647 1307 1741 verisimilitudinis,

171 1751 387 1846 coniectura
427 1785 491 1860 est,
538 1768 720 1842 Ovidium
759 1767 925 1858 sortasse,
969 1769 1307 1870 quemadmodum

91 1989 93 1994 ι
171 1922 242 1968 nec
281 1894 417 1994 prioris
456 1893 572 1992 partis
608 1890 683 1966 XV
721 1891 906 1991 Epistolas
942 1899 1081 1983 crimes,
1129 1895 1197 1969 scd
1238 1900 1307 1976 IX

169 2032 316 2090 tantum
337 2015 386 2104 ad
406 2014 605 2088 arbitrium
623 2015 935 2102 commemorarit,
960 2015 1012 2088 VI
1037 2017 1202 2117 reliquas
1229 2046 1307 2091 au-

143 2209 148 2216 ,
170 2155 246 2211 tem
270 2139 416 2210 silentio
442 2137 742 2237 praetermiserit,
770 2136 823 2208 sic
849 2137 1028 2231 etiamle
1055 2138 1218 2228 illarum,
1251 2138 1307 2214 de

169 2262 310 2364 quibus
343 2261 548 2371 quaeritur,
597 2257 682 2332 data
722 2284 835 2359 opera
875 2272 911 2330 et
947 2260 1118 2334 consulto
1160 2269 1309 2340 menti-

170 2413 281 2457 onem
313 2383 436 2457 locere
470 2382 657 2477 noluisse,
696 2383 839 2455 scilicet
873 2384 961 2483 quia
994 2384 1052 2457 IX
1078 2385 1150 2458 illis
1174 2393 1311 2462 nomi-

168 2509 263 2580 natis
289 2533 406 2607 genus
433 2519 553 2578 totum
579 2507 665 2577 satis
698 2503 822 2578 lucide
848 2504 1096 2604 significatum
1121 2535 1200 2583 csse
1226 2539 1309 2612 pu-

168 2644 274 2703 taret.
325 2628 387 2702 Ad
419 2654 532 2730 quam
563 2627 790 2699 sententiam.
827 2626 1126 2729 confirmandam
1166 2631 1308 2711 afferri

169 2760 280 2827 etiam
307 2754 383 2853 ipse
408 2749 503 2826 ordo
529 2762 660 2850 potest,
688 2775 765 2857 quo
793 2750 850 2823 lX
877 2750 956 2823 illas
984 2738 1311 2832 commeminerit.

167 2878 250 2950 Non
278 2877 379 2947 enim
406 2862 582 2971 deinceps
605 2892 648 2943 ac
674 2873 778 2960 serie,
807 2899 1010 2972 quanune
1035 2875 1312 2977 vulgantur‘et

167 3004 247 3073 sine
274 2998 508 3071 dubitatione
534 3022 554 3066 a
580 3007 689 3094 poeta
714 2992 813 3066 edita
838 3009 955 3085 erant,
983 2996 1201 3089 laudantur,
1230 3005 1309 3080 sed

168 3126 324 3199 liberius
350 3136 387 3195 et
411 3120 556 3221 poetica
582 3143 670 3190 eum
697 3117 885 3216 elegantia,
913 3134 950 3192 et
968 3135 1009 3192 ut
1034 3149 1165 3197 versus
1182 3133 1311 3204 ratio-

150 3271 245 3345 .que
269 3242 414 3355 ferebat
436 3266 696 3314 numerorum.
749 3240 917 3328 Accedit,
946 3255 988 3313 ut
1007 3243 1169 3344 Sappho,
1199 3266 1309 3347 quae·

167 3391 272 3440 nunc
297 3363 430 3437 ordine
455 3362 541 3437 XV.
568 3364 633 3449 e'st,
660 3362 860 3451 verisimile
887 3365 943 3450 sit,
971 3378 1013 3435 ut
1033 3367 1071 3438 in
1102 3372 1308 3449 veteribus

89 3542 95 3557 ,
156 3486 275 3559 tibris
301 3499 385 3558 ante
412 3485 607 3557 Heinsium
634 3470 742 3555 editis
768 3487 1041 3600 est‚'omnium
1065 3505 1308 3587 postremam

169 3608 281 3681 fuisse
310 3633 527 3707 agmenque.
543 3604 729 3691 clausisse,
756 3606 881 3705 itaque
912 3620 1071 3705 poetam,
1094 3617 1308 3711 quemad.

168 3725 327 3799 modum
354 3722 399 3799 ab
427 3727 543 3826 Epist.
570 3726 651 3801 t'll.
684 3725 732 3798 ad
766 3727 826 3817 X,
855 3729 907 3801 sic
941 3726 987 3800 ab
1013 3728 1083 3805 XI.
1110 3732 1161 3808 ad
1185 3735 1305 3814 XXI,

167 3848 393 3947 transiliisse.

239 3970 449 4069 Maximum
475 3985 598 4044 tamen
626 3988 898 4074 argumentum,
925 3990 1073 4074 poetam
1093 3984 1211 4079 magis
1238 4014 1308 4087 ge-

170 4118 242 4165 nus
267 4092 474 4195 significare
499 4094 670 4182 voluisse,
698 4094 859 4197 ideoque
886 4099 1180 4177 incertissimum
1205 4134 1305 4199 esse,

92 4306 96 4325 Ι
169 4216 198 4288 si
226 4242 321 4314 quae
348 4215 409 4291 hie
434 4218 588 4290 omissae
614 4220 698 4307 sint,
739 4216 788 4291 ad
813 4217 1005 4321 duplicem
1030 4222 1242 4305 editionem
1265 4250 1308 4308 et
