2709 4675
1024 225 1026 230 ,
1124 231 1215 326 Π,

110 419 252 537 Quod
279 422 338 513 ad
364 420 590 512 variantes
618 418 837 511 lectiones
859 439 1067 550 veterum
1092 419 1185 509 edi-

52 560 233 654 tionum
262 562 446 673 attinet,
467 561 686 683 equidem
708 558 1099 652 observassemihi
1122 558 1186 651 vi·
1242 619 1246 628 ·

59 701 158 814 deor,
188 702 321 825 quod
348 701 406 791 ab
435 700 540 791 aliis
568 732 759 824 quoque
781 700 1071 791 observatum
1095 731 1185 789 mse
1246 761 1249 768 ·

60 842 232 967 reperio,
263 841 433 968 priscas
465 840 693 931 editiones
728 840 959 958 haudita
993 871 1186 966 magnae
1221 855 1223 860 ’

58 1011 128 1072 ese
153 1014 180 1071 a
204 1002 432 1072 vetustate
453 979 743 1078 auctoritatis
762 1002 939 1105 praeter
955 980 1183 1073 Venetam

57 1130 309 1214 11181161
332 1119 671 1247 Naugerianam
698 1154 737 1210 a.
769 1132 912 1213 1515.
941 1142 988 1210 et
1014 1118 1073 1235 ab
1106 1119 1184 1210 ha·

57 1291 149 1352 rum
173 1249 410 1372 alterutra,
441 1292 559 1383 quae
589 1259 670 1350 has
693 1281 958 1383 sequuntur
986 1282 1029 1350 et
1059 1291 1184 1385 prae-

55 1400 351 1495 stantissimae
383 1398 631 1512 habentur,
658 1399 710 1490 in
746 1400 1032 1527 gravioribus
1064 1421 1184 1491 certe

56 1539 177 1632 rebus
201 1540 485 1665 plerumque
512 1541 713 1665 pendere
739 1541 1008 1666 posteriores
1039 1541 1185 1631 Vene-

57 1698 121 1790 tas,
138 1678 460 1807 Naugerianas,
485 1679 801 1793 Basiloensem,
822 1678 1072 1793 Colinacas,
1096 1680 1185 1771 Mi-

55 1818 272 1946 cyllianas,
287 1817 487 1946 Ciosani,
505 1820 705 1946 Egnatii,
726 1820 997 1911 Bersmanni
1022 1810 1185 1912 eteius
1247 1883 1249 1893 ι

56 1959 316 2086 marginem,
341 1958 398 2048 al.
433 1959 525 2051 Nee
554 1962 650 2084 ipsa
669 1959 958 2086 Naugeriana
981 1958 1059 2050 illa
1085 1984 1183 2052 tam

55 2093 138 2189 fide
154 2122 294 2222 atquc
317 2101 592 2191 auctoritate
617 2119 674 2191 an
684 2099 926 2223 tiquitatiS,
952 2133 1095 2223 quam
1116 2100 1184 2192 di·
1280 2173 1283 2178 .

56 2234 279 2366 ligentiori
316 2241 578 2331 recensione
609 2262 750 2363 atque
774 2241 1184 2332 emendationibus

57 2379 189 2504 ipsius
215 2379 431 2507 Naugerii
471 2381 668 2509 insignis
699 2414 789 2474 esse
821 2382 1017 2473 ridetur.
1055 2381 1184 2496 Quas

57 2542 201 2612 autem
238 2519 313 2612 his
347 2521 530 2612 duabus
561 2518 742 2614 ratione
775 2523 1012 2613 vetustatis
1056 2555 1183 2648 pares
1305 2594 1310 2609 ,

59 2659 293 2751 autetiam
332 2664 588 2786 superiores
617 2695 707 2754 esse
732 2666 904 2776 serunt,
923 2663 1180 2755 editionem

59 2796 307 2892 Romanam
332 2833 372 2890 a.
402 2810 522 2895 1111
538 2872 562 2915 .,
588 2835 706 2926 quae
728 2802 889 2895 Ovidii
912 2803 1180 2894 carminum

58 2939 258 3066 princeps
297 2962 386 3053 est,
435 2964 481 3033 et
532 2942 790 3035 editionem
837 2942 1218 3049 Bononiensem⁴

60 3075 271 3205 inspicere
297 3112 397 3172 non
425 3082 635 3209 contigit.

114 3219 264 3346 Igitur
300 3253 404 3312 non·
430 3223 652 3314 omnium
682 3223 873 3314 illarum
907 3224 1179 3315 ’editionum

59 3358 270 3453 variantes
293 3359 511 3453 lectiones
536 3365 696 3455 eadem
726 3364 905 3486 ubique
931 3397 1041 3455 cum
1080 3361 1181 3454 reli-

57 3480 190 3617 gione,
223 3502 301 3592 sed
327 3501 531 3593 maxime
544 3504 746 3611 Venetae
778 3502 905 3594 illius
939 3526 984 3595 et
1010 3503 1182 3629 Nauge-

57 3636 199 3731 rianae
225 3642 434 3768 apposui,
456 3641 547 3734 nisi
586 3643 623 3736 si
662 3645 779 3735 sorte
815 3642 988 3734 alicubi
1024 3640 1182 3736 defice·
1248 3710 1251 3713 -

64 3846 476 3870 -t———n-in

127 3933 327 3994 contrariae
350 3933 504 3995 lectiones
525 3930 644 3994 codicis
670 3928 871 4009 Seidieriani,
892 3933 1128 3995 Zwiccaviensis
1151 3942 1184 3998 et

126 4015 310 4108 Fragmenti
332 4014 468 4091 Paulini,
491 4032 578 4097 quar,
600 4035 682 4096 quae
712 4023 758 4074 est
788 4014 881 4075 huius
913 4016 977 4076 viri
1006 4014 1182 4098 diligentia,

125 4092 255 4155 dubium
284 4099 355 4155 non'
379 4103 426 4156 est
454 4098 525 4177 puri
555 4116 631 4156 cura
667 4118 705 4156 ac
739 4097 892 4180 reiigione
924 4117 990 4158 csse
1020 4098 1180 4158 coiiectas.

121 4177 309 4319 Quplpquam
328 4178 360 4238 io
378 4177 610 4240 commentario
631 4177 745 4239 critico
759 4199 809 4239 eas
827 4199 922 4261 quam
943 4176 1179 4260 diligentissime

123 4265 174 4319 ret
207 4256 295 4323 imus.
