2709 4675
177 185 307 248 XLVIII
546 187 983 250 PROOEMIUM.

178 315 386 390 Nasoniana
408 331 481 390 'est
505 316 569 390 illa
592 316 735 390 formae
768 316 969 419 descriptio
1000 343 1080 390 av.
1112 316 1203 404 133,
1241 317 1310 388 Pa·

178 437 272 512 ridis
310 437 495 541 cupiditas
519 468 542 512 a
565 466 600 514 v.
632 440 722 528 153,
760 441 904 540 generis
930 438 1157 540 praedicatio
1182 441 1240 513 sui
1267 468 1308 511 v.

184 565 262 661 196.
290 573 326 636 et
352 562 579 662 contemptio
594 572 706 662 atque
723 558 964 660 despicientia
981 565 1124 663 generis
1138 559 1303 636 Menelai

94 722 98 731 ·
179 713 214 758 v.
241 685 323 777 242..
350 710 444 786 sqq,
471 684 536 784 qui
563 683 669 756 locus
695 695 936 786 comparetur
960 709 1048 758 cum
1070 685 1189 786 Epist.
1215 685 1308 776 XII,

179 807 275 899 204,
301 807 497 906 singularis
523 793 587 878 illa
611 804 768 878 amantis
792 804 903 896 animi
932 803 1132 907 descriptio
1154 834 1189 879 v.
1222 809 1308 881 216.

182 939 219 998 et
243 924 426 1000 subtilitas
455 928 493 999 in
524 927 678 999 navium
708 925 1016 1001 fabricandarum
1051 927 1306 1027 descriptione

180 1076 203 1121 a
225 1076 260 1121 v.
293 1049 372 1122 105.
420 1046 546 1144 Quam
577 1047 712 1122 callide
746 1062 936 1149 praeterea
967 1051 1070 1123 Paris
1097 1048 1310 1123 Ovidianus

182 1197 224 1242 re
250 1171 426 1271 exprimit
450 1183 568 1244 artem
593 1173 820 1260 amatoriam,
847 1174 885 1244 in
900 1198 974 1273 qua
985 1172 1190 1273 praeceptis
1205 1197 1310 1244 com·

182 1293 381 1395 plectenda
411 1304 530 1392 poeta,
572 1318 660 1365 cum
694 1290 758 1364 has
785 1293 969 1392 Epistolas
995 1294 1183 1382 scriberet,
1225 1308 1309 1396 erat

182 1428 399 1515 occupatus.
451 1412 558 1487 Adde
595 1411 749 1488 laudem
791 1415 1024 1522 inventionis,
1066 1441 1142 1516 qua
1177 1418 1309 1490 omnia

182 1549 368 1609 momenta
392 1535 481 1608 belli
501 1537 652 1609 Troiani
668 1550 705 1609 et
720 1550 836 1608 totam
854 1533 932 1608 fere
953 1534 1143 1609 historiam
1158 1537 1308 1626 Troiae,

183 1655 368 1730 iudicium
393 1656 546 1748 Paridis,
573 1655 829 1745 Cassandram,
857 1655 1015 1729 domum
1040 1657 1187 1743 Priami,
1215 1682 1308 1756 opes

183 1779 447 1869 Troianorum,
460 1777 504 1850 al.
520 1765 717 1851 miraeum
732 1791 810 1850 arte
827 1777 915 1851 huic
928 1776 1115 1877 Epistulae
1134 1777 1308 1849 intexuit.

258 1912 389 2013 Neque
413 1911 537 1983 minus
555 1913 594 1983 in
609 1911 853 1983 similitudine
866 1913 1144 1999 sententiarum,
1171 1912 1210 1982 in
1223 1938 1310 1986 ora·

184 2035 285 2106 tione
309 2058 353 2106 ac
378 2032 473 2123 stilo,
505 2037 541 2105 et
570 2032 828 2133 pulcritudine
861 2033 1101 2131 numerisque
1126 2054 1311 2105 versuum

185 2155 297 2228 huius
323 2168 451 2254 poetae
477 2156 667 2255 ingenium
692 2169 803 2257 atque
830 2152 1037 2227 observatio
1064 2149 1204 2249 ubique
1218 2176 1310 2250 per-

90 2275 94 2280 ’
186 2279 286 2352 lucet
311 2290 421 2379 atque
445 2277 667 2380 agnoscitur.
694 2275 969 2377 Comparentur
993 2274 1094 2347 enim
1118 2298 1247 2347 versus
1271 2300 1310 2376 7.

184 2416 222 2474 et
257 2406 309 2477 8·.:

285 2536 349 2598 Sed
369 2536 450 2597 male
472 2534 651 2617 dissimulo:
673 2539 737 2617 quis
757 2539 835 2599 enim
855 2540 989 2600 celaverit
1007 2538 1116 2617 ignem,

345 2646 470 2708 Lumine
491 2643 542 2722 qui
559 2664 672 2723 semper
689 2645 824 2723 procum·
845 2646 976 2724 ipsosne
994 2675 1035 2687 ·-

188 2775 277 2824 cum
298 2749 418 2848 Epist.
444 2746 531 2834 XII,
557 2747 616 2846 37.
643 2747 701 2819 38.

287 2867 424 2944 Perfida,
445 2868 586 2927 sensisti:
608 2871 670 2949 quis
691 2872 769 2932 enim
788 2875 857 2934 bene
877 2876 954 2934 celat
973 2844 1138 2947 amorraei,
1158 2926 1162 2932 ,

349 2979 469 3040 Eminet
488 2978 597 3037 Indicio
615 2977 733 3058 prodita
743 2986 873 3057 flamma
893 2998 954 3040 suo.

188 3104 284 3180 Vide
311 3102 437 3177 Ovidii
463 3128 621 3175 acumen
648 3104 687 3174 in
722 3103 889 3176 versibus
918 3104 976 3201 49.
1004 3116 1042 3177 ct
1066 3105 1124 3177 50.
1176 3101 1313 3208 Comp.

190 3224 358 3320 59-64.
385 3249 475 3296 cum
499 3222 615 3322 Epist.
641 3224 745 3314 XIV,
770 3226 826 3317 43.
846 3252 946 3326 sqq.;
977 3226 1207 3322 119-123.:

289 3345 334 3405 Et
355 3365 448 3405 soror
470 3345 582 3421 effusis,
604 3353 641 3405 ut
662 3356 742 3423 erat,
765 3346 938 3407 Cassandra
960 3345 1092 3426 capillis,
1154 3394 1156 3397 .

352 3455 428 3516 Cum
448 3457 557 3516 vellent
577 3467 693 3516 nostrae
714 3458 774 3516 ium
792 3459 865 3516 dare
885 3458 952 3517 vela
972 3466 1060 3527 rates,

294 3564 383 3641 „Quo
406 3562 466 3622 ruis
475 3558 509 3620 ?“
532 3563 696 3637 exclamat,
716 3563 843 3638 „referes
864 3561 1000 3621 fraenat
1020 3572 1134 3635 tecum,·

222 3742 230 3756 Β
354 3669 473 3745 Quanta
491 3689 544 3746 ραν
565 3667 630 3739 Irus,
650 3668 753 3738 nesae,
763 3675 893 3745 flamma
910 3679 1027 3741 petatur
1044 3665 1168 3746 aquus.“

291 3774 370 3835 Vera
379 3771 446 3848 fuit
465 3782 564 3842 vates;
585 3773 676 3831 dictos
696 3772 855 3833 invenimus
874 3775 955 3854 ignea
976 3802 1017 3817 ·-
1150 3771 1153 3775 ¹

190 3911 279 3958 cum
303 3883 419 3983 Epist.
446 3882 491 3969 V,
523 3881 735 3974 113-124.
887 3860 894 3881 ⁶
991 3964 993 3967 ,

202 3997 211 4005 ’
294 4006 365 4068 Ηοο
385 4003 475 4081 mihi,
497 4025 570 4063 nam
592 4006 714 4081 recolo,
745 4004 905 4087 quondam
931 4034 1075 4091 germana
1104 4009 1316 4091 (Cassandra)

934 4120 1071 4192 canaba&

353 4224 401 4286 st·
423 4222 497 4293 aare
516 4221 629 4302 aaut
646 4198 805 4282 varenae
824 4225 931 4284 coma.-
