2709 4675
366 223 799 289 PROOEMIUM.
1018 215 1169 280 XXXVII

62 356 215 455 bildung
237 356 306 431 des
333 351 584 429 Gescbmitclss
608 340 673 426 lllg
700 381 735 455 p.
763 355 845 428 250.
899 352 976 448 Qui
1008 353 1036 425 si
1064 352 1101 423 in
1128 373 1171 454 eo

64 476 307 570 elaborassent,
333 488 377 549 nt
402 475 731 577 historiametque
756 475 938 576 originem
962 471 1172 546 Heroidum

63 595 318 697 investigarent,
345 610 382 669 et
405 599 528 698 prima
552 598 631 670 eius
656 598 802 698 generis
834 595 1043 669 carminum
1069 592 1174 664 initia

63 719 210 818 etquesi
237 717 419 793 elementa
443 718 546 819 apud
571 721 808 820 Propertium
841 715 995 817 reperiri
1022 724 1173 786 conten·
1255 703 1260 710 ’

64 833 197 927 tinent,
222 835 423 912 non'vaide
439 840 615 941 equidem
630 867 888 942 repugnarem.
913 820 1014 912 'Cum
1029 847 1171 923 autem,

61 953 136 1030 lieet
157 972 304 1033 tantum
328 961 427 1035 inter
452 962 535 1034 istas
561 962 693 1063 elegias
704 963 888 1062 Propertii
913 973 949 1033 et
972 958 1063 1031 baec
1091 982 1170 1027 car-

61 1080 148 1151 mina
171 1079 356 1155 Ouidiane
381 1081 584 1157 discrimen
610 1085 681 1175 sit,
704 1082 885 1157 Ovidium
907 1084 974 1155 ista
987 1078 1172 1178 Propertii

62 1199 214 1301 exempla
240 1202 426 1277 imitatum
449 1203 684 1296 confirment,
710 1220 747 1279 et
760 1207 813 1279 sic
826 1205 936 1279 tacite
953 1187 1071 1276 inanis
1086 1227 1174 1273 eum

62 1321 243 1395 iactantiae
270 1325 506 1416 insimulent,
539 1327 632 1401 mihi
664 1326 787 1401 facere
812 1326 991 1401 videntur
1018 1325 1173 1414 iniuste;

60 1447 263 1544 praesertim
303 1429 393 1521 cum
430 1463 541 1550 poeta
580 1450 645 1524 illo
676 1455 847 1549 ignotum
872 1449 941 1522 hoc
967 1448 1054 1520 aliis
1080 1471 1175 1545 opus

61 1566 143 1643 nibil
165 1567 286 1657 aliud,
331 1595 445 1671 quam
471 1569 576 1672 quod
607 1574 645 1645 in
672 1574 752 1672 ipso
783 1567 933 1645 nomine
960 1572 1069 1658 inest,
1101 1568 1177 1665 epi·
1262 1640 1266 1646 .

61 1687 158 1763 stolas
192 1720 214 1764 a
244 1694 414 1793 personis
456 1720 501 1767 ex
527 1692 679 1768 heroico
715 1720 805 1767 aevo
843 1693 903 1767 vel
926 1691 1174 1764 'vetustissima

62 1810 265 1910 antiquitate
297 1815 466 1914 repetitis
491 1817 718 1915 conscriptas
743 1815 964 1890 intellexisse.
989 1812 1173 1885 videatur.

65 1928 169 2024 Quod
191 1936 293 2008 enim
308 1934 401 2007 lehn
427 1938 466 2008 in
491 1923 770 2012 introductione
795 1938 835 2009 in
850 1933 979 2009 Ovidii
994 1916 1175 2007 Heroides

61 2048 151 2143 (edit.
167 2053 262 2156 Opp.
285 2057 368 2133 vol.
383 2063 411 2130 Ι.
437 2083 473 2158 p.
488 2059 538 2156 3.)
564 2058 745 2132 Ovidium
770 2070 895 2131 censet
919 2054 1042 2128 verbis
1068 2057 1175 2151 igno·
1237 2101 1239 2104 v

64 2188 134 2246 tum
156 2202 249 2276 opus
274 2204 352 2251 non
377 2193 453 2252 tam
479 2194 741 2281 argumentum
768 2179 1078 2251 illorumetre'm
1096 2203 1175 2249 car-

64 2296 211 2387 minum,
246 2324 361 2399 quam
391 2327 530 2375 nomen
562 2303 736 2377 Romanis
775 2300 899 2376 adbuc
938 2298 1171 2402 incognitum

64 2420 348 2511 innuerevideri,
364 2422 398 2495 b.
415 2450 459 2512 e.‚
480 2424 509 2497 si
532 2423 611 2497 eius
632 2426 854 2497 sententiam
871 2450 1059 2525 assequor,
1087 2422 1177 2495 Ovi-

66 2541 159 2616 dium
182 2543 252 2617 sibi
278 2543 350 2618 boe
373 2544 567 2633 tribuisse,
609 2544 714 2645 quod
738 2544 829 2619 baec
855 2548 1036 2635 carmina,
1078 2572 1175 2646 quae

66 2665 157 2762 prius
187 2650 301 2765 Etegi
324 2665 504 2766 appellata
544 2681 682 2756 essent,
720 2669 864 2767 primus
897 2668 1086 2769 Epistolas
1114 2663 1176 2736 vel
1237 2756 1242 2767 ,

70 2786 247 2885 Epistolae
259 2789 468 2862 Heroidum
485 2801 665 2876 vocasset,
691 2815 757 2888 ego
769 2776 929 2888 probare
943 2789 1049 2862 nullo
1061 2786 1177 2860 modo

68 2932 213 3008 possum.
239 2913 410 2986 Primum
431 2911 530 2983 enim
549 2937 591 2982 ea
607 2911 687 2982 laus
706 2912 1023 2984 inventionis‘tam
1046 2913 1178 3011 exigua

21 3110 23 3115 ⁴
69 3030 118 3102 vel
146 3032 248 3105 nulla
279 3046 376 3122 erat,
415 3045 458 3106 ut
489 3058 595 3133 aegre
626 3031 852 3132 persuadere
890 3032 982 3105 mibi
1020 3034 1175 3134 possim,

69 3164 199 3246 poetam
222 3179 265 3225 ea
289 3152 488 3253 gloriatum
513 3153 624 3226 fuisse
650 3167 718 3227 aut
750 3155 903 3227 omnino
935 3155 1085 3256 dignam
1119 3157 1175 3227 iu-

70 3268 205 3366 dicasse,
232 3302 347 3377 quem
372 3289 691 3350 commemoraret.
720 3276 848 3375 Ipsum
872 3284 997 3349 autem
1023 3282 1178 3350 carmen

70 3407 100 3465 et
120 3413 380 3500 argumentum
403 3408 574 3500 aperta,
605 3424 682 3470 non
708 3423 845 3470 nomen
861 3397 1070 3498 significari,
1097 3413 1134 3472 et
1156 3427 1175 3472 e

68 3544 155 3594 nexu
178 3524 379 3596 sententiae
405 3533 556 3621 apparet
578 3533 615 3592 et
635 3520 693 3593 vel
711 3520 871 3593 maxime
895 3547 914 3592 e
936 3522 1058 3595 verbis
1071 3529 1177 3622 igno-

68 3656 137 3716 tum
160 3671 285 3747 opus.
456 3626 459 3633 ⁴
656 3740 660 3749 Ι

128 3766 207 3842 Hoc
232 3769 345 3869 igitur
369 3766 477 3840 statui
503 3791 608 3866 posse
633 3764 802 3854 videtur,
841 3767 1030 3840 Heroides
1053 3792 1129 3839 non
1155 3794 1175 3839 e

68 3885 207 3965 Graecis
232 3888 401 3964 sontibus
428 3888 477 3961 ad
503 3890 687 3961 Romanos
711 3914 887 3976 manasse,
915 3903 1026 3990 atque
1052 3892 1180 3963 inven-

68 4007 167 4085 tionis
190 4010 364 4099 iaudem,
404 4010 433 4081 si
458 4004 595 4084 noman
620 4035 730 4082 sensu
761 4011 969 4106 angustiore
1001 4011 1178 4109 accipiaS,

21 4200 23 4215 ζ
66 4127 192 4207 Ovidio
225 4132 355 4208 deberi
394 4143 430 4204 et
461 4133 584 4232 ipsum
614 4130 689 4202 sibi
730 4128 887 4201 eandem
914 4131 951 4201 in
988 4128 1053 4202 ilio
1077 4131 1178 4203 Artis

67 4250 265 4330 tentoriae
289 4255 374 4331 loco
398 4281 485 4328 vere
512 4266 548 4325 et
571 4254 704 4327 merito
730 4249 912 4323 tribuisse.
