2709 4675
488 405 872 516 nrrsronr
906 427 982 514 ιι.
1143 528 1145 532 ,
1350 495 1352 498 .

245 576 1232 705 rnrters'oenornoosrr.
1298 700 1308 708 .

132 907 135 918 Ι
159 830 294 916 ,ΡΙψΗιὲ,
312 815 389 912 repis
412 829 555 891 thracae
565 825 645 909 filia,
661 830 764 908 regina
775 831 924 893 hhrocum
930 832 1008 909 suit,
1022 830 1312 911 quaeDemophoon-

240 916 322 987 tem,
346 912 449 974 Thesei
457 914 570 989 filium,
590 912 811 987 Atheniensem,
830 934 869 973 ex
892 915 1018 974 Troiano
1038 915 1112 973 bello
1137 915 1311 973 redeuntem

244 996 371 1073 hospitio
390 997 519 1072 lectoqrae
538 993 659 1072 excepit,
666 1004 785 1067 accepta
805 997 842 1054 ah
863 1017 899 1055 eo
912 997 1028 1074 sidant
1048 995 1131 1055 domi
1148 996 1311 1073 compositis

244 1078 330 1138 rebus
350 1076 458 1135 rediret
478 1075 627 1154 ipsamque
648 1083 770 1134 uxorem
791 1079 918 1137 duceret.
947 1078 1100 1153 Profectus
1128 1076 1225 1154 itaque
1247 1076 1312 1136 De·-

241 1159 390 1237 mophoon
410 1175 500 1235 queem
520 1158 663 1229 tardaret,
683 1166 710 1216 et
729 1159 841 1218 amoris
860 1159 1039 1236 impatientia
1059 1168 1088 1219 et
1106 1159 1141 1217 oh
1167 1158 1310 1230 clebrem,

246 1241 326 1319 quod
344 1260 376 1299 se
390 1246 519 1318 spretam
549 1258 608 1298 esse
638 1241 780 1312 eraderet,
798 1240 971 1302 noluntaria
996 1249 1088 1300 morte
1116 1240 1208 1299 vitam
1217 1238 1312 1315 finire

241 1321 374 1382 decrerit.
403 1322 470 1398 Quo
499 1330 583 1398 capto
598 1320 719 1379 considio
745 1320 824 1380 tane
844 1321 872 1381 ei
896 1320 1010 1400 scripsit
1028 1321 1199 1395 Epistulam.
1218 1320 1309 1393 (Serv.

236 1405 280 1464 od
296 1402 375 1481 Virg·
395 1401 496 1479 Ectog.
518 1400 557 1474 V,
578 1399 854 1484 10.,11ygtn.t‹“at.
873 1399 923 1463 59.
944 1412 973 1464 et
991 1399 1073 1480 243.)
1294 1397 1298 1404 ’

155 1548 371 1728 Hospita,
397 1621 658 1727 Demophoon,
680 1636 746 1697 tua
769 1636 817 1713 te,
843 1621 1060 1728 Rhodopeia
1082 1626 1235 1731 Phyllis,

202 1736 312 1810 Ultra
335 1735 565 1837 promissum
591 1746 738 1834 tempus
762 1732 891 1808 abesse
917 1733 1069 1837 queror.

152 1844 309 1921 Cornua
334 1868 423 1918 cum
444 1842 555 1916 lunae
580 1842 693 1945 pleno
717 1843 833 1917 semel
859 1842 951 1917 orbe
977 1847 1147 1936 coissent,
1201 1851 1204 1857 ’

199 1951 393 2029 Litoribus
417 1954 554 2027 nostris
579 1979 717 2027 ancora
741 1965 849 2053 pacta
874 1965 938 2026 tua
964 1967 1029 2027 est.

167 2153 704 2235 1.Hospr'ta-Rhodopeia·iiospita,
746 2168 817 2208 sum
864 2155 1010 2210 nostrum
1047 2169 1176 2233 gravem
1204 2160 1301 2233 atque

147 2254 233 2316 qnae
254 2241 287 2292 te
309 2231 448 2376 hospitio
468 2233 601 2376 excepit
614 2234 701 2297 Cror.
744 2232 913 2291 molestum
935 2252 1001 2292 csse
1030 2232 1154 2307 scimus,
1177 2231 1302 2293 brevis-

145 2318 349 2400 Rhodopeiaa
397 2311 536 2398 hodope,
573 2311 701 2375 braciue
744 2311 854 2372 simam
879 2333 1008 2396 semper
1024 2307 1215 2395 spondemus
1228 2315 1300 2376 fore

142 2406 269 2461 monte.
744 2393 946 2455 absentiam?
982 2393 1077 2473 Quod
1114 2417 1192 2456 vero
1234 2404 1300 2456 tres

185 2480 217 2544 3·
236 2483 330 2543 Pleno
348 2482 447 2543 semet
465 2477 573 2540 Burm
595 2473 699 2537 ecod.
743 2473 873 2536 demum
893 2495 1014 2538 menses
1031 2498 1126 2571 supra
1144 2477 1301 2538 constitu-

141 2560 355 2623 Gronoviano
371 2568 404 2620 et
417 2559 565 2620 Mediceo
578 2557 699 2639 primus
743 2565 812 2618 tum
833 2566 958 2640 tempus
979 2558 1101 2635 scribit,
1129 2579 1190 2619 nec
1220 2556 1299 2620 illud

137 2661 217 2702 rece
244 2640 269 2699 it
290 2656 393 2723 quater
416 2661 477 2723 pro
500 2639 700 2721 reliquorum
743 2648 791 2699 est
812 2647 925 2699 contra
945 2660 1171 2701 morem-vere
1201 2647 1299 2722 etque

137 2719 204 2784 cod
277 2729 311 2782 et
340 2730 488 2782 veterum
520 2718 699 2782 editionum
741 2718 895 2780 ardenter
910 2714 1129 2792 amantis;'est
1146 2720 1232 2781 enim
1248 2729 1300 2781 ta·

137 2802 283 2865 lectione
303 2810 414 2883 semel5
434 2824 500 2862 non
517 2801 577 2861 sibi
594 2799 698 2862 videri
745 2801 808 2861 cite
832 2800 975 2861 durantis
1003 2809 1037 2861 et
1073 2802 1237 2883 patientis,
1266 2810 1301 2862 et

136 2893 268 2966 tempus
289 2884 364 2944 satis
384 2884 517 2967 longum
533 2881 699 2957 dicens‚ut
740 2883 889 2947 amatoris
900 2882 1062 2965 promissis
1077 2883 1300 2945 omninocon-

134 2965 281 3027 Athenas
305 2965 354 3026 ire
381 2963 607 3047 Demophoon,
635 2964 697 3024 ibi·
742 2963 879 3025 fidentis.
914 2961 977 3024 sed
1000 2962 1087 3046 quod
1108 2965 1208 3025 multo
1226 2987 1299 3049 grn-

137 3067 267 3131 queres
282 3067 352 3107 suas
365 3066 562 3128 componere
579 3053 612 3106 et
623 3066 698 3105 rur·
739 3046 806 3106 vius
828 3053 886 3123 est,
907 3046 932 3107 si
946 3044 1079 3106 Ovidius
1102 3046 1210 3106 statim
1221 3055 1297 3129 post

135 3149 190 3189 sus
223 3128 256 3188 in
296 3126 467 3189 Thraciam
493 3125 601 3188 redire
635 3147 697 3209 po-
763 3135 871 3186 ectum
919 3136 1045 3208 tcmpus
1080 3129 1297 3209 praeteritum

136 3209 256 3270 tuerit:
275 3207 393 3270 deinde
421 3209 596 3270 convenire
627 3229 697 3270 mc·
736 3148 884 3290 hhyttida
921 3207 1081 3290 scripsisse
1123 3210 1294 3285 statuisset,

133 3290 518 3371 liuspueliaeamanti‚ut
536 3288 697 3371 adipsum
738 3310 892 3374 quorsum
932 3298 1001 3352 tum
1044 3289 1150 3350 omnia
1195 3291 1292 3351 haec:

134 3380 264 3453 tempus
275 3380 408 3453 pactum
419 3371 572 3453 promissa
582 3372 694 3454 exigat,
735 3378 804 3455 Spes
826 3397 937 3455 quoque
959 3376 1162 3453 lentosuit...
1176 3379 1219 3447 (v.
1231 3378 1292 3452 9.);

134 3474 234 3536 quam
255 3461 291 3512 ut
305 3461 369 3513 tres
379 3472 500 3513 menses
516 3453 600 3513 ultra
615 3474 695 3513 con·
734 3459 916 3537 Saepesui
935 3459 1064 3517 mendae
1080 3478 1134 3536 pro
1161 3468 1189 3518 te
1220 3458 1296 3517 mihi

4 3557 6 3602 ε
132 3535 285 3596 stitutum
301 3542 414 3609 cesset,
428 3541 601 3629 antequem
614 3533 695 3594 scri·
734 3543 779 3608 (v.
801 3540 884 3609 11.);
906 3539 1024 3618 Saepe
1047 3539 1184 3619 putari-..-
1210 3550 1293 3599 notos

131 3616 203 3680 bat.
226 3613 324 3692 Quod
347 3613 694 3697 adprius,1ntramen-
734 3620 779 3690 (v,
803 3617 850 3681 11.
864 3618 928 3690 19.)
940 3640 948 3687 3
978 3622 1178 3681 Interdum
1196 3620 1292 3693 timui,

4 3765 5 3774 χ
131 3697 174 3758 sis
196 3697 335 3778 spatium
355 3696 449 3757 facile
476 3697 592 3757 confici
612 3695 693 3757 ittud
733 3698 1046 3774 ne....(v.15.16.);
1078 3702 1150 3763 See
1180 3722 1195 3762 e
1221 3705 1290 3761 deos

130 3779 201 3839 iter
220 3785 360 3860 poterat,
377 3778 692 3839 etiestinautaman·
732 3785 894 3863 supplem...
919 3784 1002 3860 sonis
1040 3787 1082 3853 (v.
1124 3786 1169 3843 1·
1204 3779 1288 3853 18.);

3 3930 16 3949 Ι.
131 3868 182 3920 tes
212 3858 394 3941 raptimque
428 3860 688 3941 proficiscuntur,
731 3865 862 3926 SAEPE
879 3866 977 3927 rideris
1004 3876 1138 3925 restore..
1171 3867 1217 3937 (v.
1242 3863 1290 3927 19.

131 3949 168 4001 et
188 3947 288 4021 poeta
318 3950 375 4018 est,
405 3940 461 4024 qui
488 3939 568 4002 haec
598 3941 687 4018 dicit,
728 3942 812 4018 20.);
833 3947 875 4007 At
904 3958 937 4007 tu
958 3950 1084 4008 lentus
1113 3948 1219 4007 obse...
1240 3967 1289 4006 re·

129 4021 197 4095 cui,
220 4018 339 4088 dumne
360 4043 493 4103 prorsus
521 4023 603 4083 citra
631 4044 688 4084 ve·
729 4029 775 4088 dis
801 4033 846 4097 (v.
866 4025 915 4091 23.
936 4021 1010 4098 24).
1049 4022 1139 4084 Adde
1162 4023 1286 4100 eodem,

4 4121 6 4126 ’
129 4101 405 4164 risimilitudinem
426 4100 521 4180 dicat,
543 4105 577 4163 in
599 4125 688 4164 cere
730 4106 832 4165 multo
862 4105 1083 4168 vehementius
1127 4106 1286 4189 stringere

4 4221 5 4224 =
129 4184 239 4244 minus
271 4193 458 4245 accuratum
491 4205 558 4247 esse
595 4186 689 4247 facile
731 4191 851 4252 Cornua
881 4214 950 4253 cum
980 4193 1068 4252 lineae
1101 4195 1190 4251 semei
1219 4193 1286 4251 orhe

4 4293 6 4336 3
129 4263 311 4335 concedas;
332 4287 369 4326 ac
390 4275 560 4348 praeterea
581 4288 690 4328 nonne
729 4275 865 4347 coissent,
886 4274 1015 4335 &roribus
1040 4274 1145 4333 nostris
1174 4293 1284 4332 ancora

4 4349 6 4370 '
127 4345 373 4431 proficiscentes
384 4348 431 4425 iis,
443 4348 559 4433 quihus
574 4347 692 4412 disces·
731 4367 818 4439 pacta
837 4368 958 4426 tuaest·
980 4352 1275 4433 Lunaquawdatuit

782 4472 1118 4666 (poetis
