2709 4675
380 205 812 271 PROOEMIUM.
1013 203 1174 265 Lxxvu·

50 335 124 425 illas,
150 349 190 409 et
214 335 405 440 brevitatis
431 365 561 414 caussa
587 354 665 414 toto
692 338 802 414 titulo
828 343 868 413 in
889 339 1069 440 Epistolis
1085 340 1162 412 He-

51 461 185 533 midum
208 460 376 534 scribere
399 462 527 550 nollet,
552 463 703 538 brevius
729 476 766 536 et
791 459 963 534 distincte
995 460 1096 535 dixit·
1121 463 1161 532 in

50 581 278 655 Heroidibus.
305 584 357 656 Et
378 582 504 657 favent
530 583 695 684 denique
722 586 754 674 ei
784 585 1016 685 inscriptioni
1050 584 1162 658 etiam

49 713 79 771 et
98 702 313 803 simplicitas
338 717 375 776 et
398 705 588 777 Latinitas.
613 703 691 777 Nec
717 703 879 804 denique
907 702 1004 777 illud
1029 703 1159 794 obstat,

50 821 140 919 quod
165 836 241 897 tres
268 826 401 921 insunt
435 826 625 927 Epistolae
649 826 779 927 (XVI,
813 825 966 914 xvltl,
997 823 1104 923 XX.)
1143 855 1165 900 a

52 944 129 1016 ritis
154 947 328 1047 scriptae,
355 973 475 1048 quum
500 974 563 1020 eae
584 974 672 1021 cum
699 947 855 1022 totidem
880 948 1052 1049 apuellis
1072 952 1163 1024 scri-

46 1068 108 1166 ptis
119 1068 325 1142 arctissime
348 1070 571 1142 coniunctae
591 1071 664 1142 sint
675 1084 788 1171 atque
808 1069 1038 1145 cohaereant.
1052 1071 1159 1167 Quae

48 1185 230 1262 difficultas
256 1191 368 1263 etiam
392 1192 449 1264 sic
478 1189 653 1264 facillime
686 1192 895 1293 expeditur,
929 1206 972 1266 ut
1004 1222 1051 1268 ex
1083 1222 1161 1269 ma·

48 1309 116 1381 iore
139 1310 387 1384 scribentium
410 1325 516 1413 parte
542 1311 633 1387 haec
658 1315 824 1388 carmina
847 1315 1001 1388 titulum
1019 1313 1157 1390 habere

48 1456 257 1524 sumamus3
308 1460 423 1534 quam
459 1437 642 1510 rationem
680 1462 768 1508 cum
810 1436 872 1509 alii
910 1437 1025 1509 secuti
1071 1450 1159 1510 suut

48 1565 180 1625 veteres
204 1554 415 1656 scriptores,
442 1571 525 1631 tum
550 1561 629 1660 ipse
656 1556 816 1632 Ovidius
842 1560 881 1632 in
912 1557 1097 1631 Tristibus
1122 1572 1159 1631 ct

45 1673 254 1764 Amoribus,
302 1678 341 1749 in
378 1678 516 1780 quibus
558 1695 595 1753 et
635 1682 722 1782 ipsis
772 1680 954 1753 nonnulla
993 1684 1167 1755 carmina-

48 1797 290 1895 reperiuntur,
322 1825 418 1899 quae
452 1800 546 1875 nihil
578 1802 739 1876 habeant
764 1830 852 1876 cum
877 1804 1022 1879 Venere
1054 1818 1157 1882 atre

47 1919 214 1992 amatoria
236 1934 302 1993 aut
325 1921 461 1996 afflicta
487 1925 603 1998 exsilii
632 1924 846 2000 conditione
873 1952 1099 2022 commune,

401 2067 660 2185 carus
711 2087 788 2186 vl.

113 2265 202 2363 Quo
234 2294 325 2343 vero
350 2281 518 2370 tempore
545 2247 703 2343 etanno
729 2266 789 2343 hic
810 2268 906 2343 liber
922 2296 942 2342 a
956 2280 1064 2370 poeta
1082 2266 1160 2342 edi-

45 2398 95 2460 tus
118 2391 176 2479 sit,
200 2392 307 2465 nulla
332 2394 371 2466 in
397 2391 484 2493 ipsis
508 2390 664 2493 quidem
695 2393 922 2466 carminibus
955 2418 1031 2465 esse
1064 2389 1161 2465 indi·

45 2509 93 2581 cia
119 2527 288 2611 possunt,
314 2529 357 2588 ut
382 2542 477 2618 quae
497 2504 628 2588 ¹omnia
653 2540 697 2587 ac
721 2527 797 2586 tota
828 2515 867 2586 in
898 2510 1038 2586 heroici
1078 2511 1157 2582 aevi

16 2690 17 2693 ,
44 2636 271 2733 temporibus
296 2664 339 2711 ac
361 2651 541 2711 vetustate
565 2648 780 2727 versentur3
805 2662 928 2736 neque
947 2632 1035 2707 alibi
1051 2646 1159 2734 poeta

44 2757 150 2830 eade
176 2785 218 2832 ro
245 2758 393 2834 disertis
418 2757 574 2861 quidem
598 2756 722 2831 verbis
747 2757 957 2859 quidquam
977 2755 1157 2857 prodidit.

42 2875 108 2951 Sed
130 2892 258 2955 tamen
284 2908 331 2957 ex
355 2882 558 2957 Amoribus
584 2896 620 2954 et
645 2882 737 2960 Arte
774 2879 975 2965 Amatoria,
1006 2877 1045 2948 in
1076 2875 1159 2974 qui-

43 2995 105 3072 hus
130 2998 223 3076 haee
249 3005 415 3077 carmina
440 3005 725 3078 commemorari
752 3028 867 3102 supra
891 2997 1066 3086 vidimus,
1093 2997 1159 3069 ali-

43 3125 240 3219 quomodo
267 3128 477 3227 investigari
502 3098 614 3227 atipue
640 3125 798 3198 inveniri
823 3136 953 3224 potest.
979 3121 1016 3193 Si
1045 3122 1158 3211 enim,

43 3243 91 3318 illi
114 3246 202 3322 libri
230 3276 308 3351 quo
334 3240 424 3327 editi
449 3263 615 3350 tempore
641 3249 724 3335 sint,
739 3248 929 3347 cognitum
943 3243 1157 3335 babeamus,

45 3397 85 3443 ex
107 3398 153 3446 eo
178 3370 225 3445 de
251 3370 335 3462 hoc,
363 3371 411 3445 dc
438 3397 515 3472 quo
540 3370 766 3471 quaerimus,
792 3382 973 3469 tempore,
1006 3371 1064 3442 sin
1088 3371 1159 3445 mi-

43 3515 106 3573 nus
130 3508 278 3567 certum
305 3493 400 3594 quid
425 3508 536 3595 atque
574 3491 820 3593 exploratum,
851 3498 975 3563 tamen
1013 3489 1159 3592 aliquid

43 3614 231 3688 verisimile
257 3616 463 3717 poterimus
488 3616 677 3715 attingere.

104 3737 235 3809 Artem
259 3750 385 3810 autem
409 3738 639 3811 Amatoriam
660 3736 734 3808 iam
758 3749 842 3808 ante
868 3763 898 3808 a.
924 3737 969 3810 U.
1005 3735 1045 3810 C.
1075 3737 1158 3837 753.

43 3854 264 3951 publicatam
290 3885 377 3948 esse,
405 3887 450 3933 ex
474 3861 554 3961 ipso
576 3859 741 3932 carmine
768 3858 980 3932 docuerunt
1006 3860 1034 3931 Ι.
1061 3859 1159 3932 Mos-

44 4000 104 4051 son
143 3982 304 4057 in=Vita
337 3981 463 4056 Ovidii
495 4010 531 4084 p.
561 3984 617 4083 78.
656 3980 715 4053 ed.
747 3979 914 4077 Fischer,
949 3969 1037 4055 etl.
1066 3979 1154 4056 Chr.

45 4098 127 4174 labn
153 4104 191 4175 in
217 4102 345 4188 libello
370 4106 427 4176 De
457 4107 501 4178 ⁴1³.
539 4102 666 4177 Ovidii
698 4103 852 4178 Nasonis
887 4118 923 4177 et
952 4105 996 4178 A.
1029 4103 1157 4178 Sabini
1257 4163 1262 4175 Ι

46 4216 212 4329 Epistolis
237 4226 446 4326 Disputatio
472 4226 567 4302 P.11.
608 4226 701 4300 Nam
727 4227 893 4327 primum
919 4254 1001 4302 eam
1026 4228 1065 4301 in
1089 4230 1159 4301 Re-
