2709 4675
369 354 753 517 EPIS'I'OLA
797 434 858 519 X·

242 586 1001 747 Anslnnenfleseo

47 900 155 974 binos,
178 897 358 960 Cretensium
378 889 443 974 re'e,
463 901 498 959 ob
513 898 702 980 Androgeum
712 900 814 979 fllium
833 902 870 961 ab
889 901 1111 965 Atheniensibus
1124 926 1195 967 eru-

126 983 235 1042 deliter
258 982 444 1058 interfectum
461 991 525 1061 post
552 983 635 1042 aeria
660 984 738 1042 bella
762 984 903 1043 tributum
931 985 968 1052 iis
991 987 1133 1066 imposuit,
1163 1000 1196 1049 ut

125 1065 284 1142 quotannis
303 1074 409 1140 septem
425 1083 531 1142 pueros
551 1074 579 1124 et
603 1064 725 1124 totidem
749 1064 876 1144 virginee
895 1064 1012 1128 (betam
1039 1069 1197 1142 mitterent,

123 1167 147 1205 a
165 1144 344 1217 bbnotauro,
364 1145 523 1223 Pasiphais
542 1165 558 1205 e
578 1155 664 1205 tauro
673 1144 753 1224 filio,
775 1157 904 1206 monstro
931 1149 1090 1224 lmererulo,
1116 1153 1195 1230 quod

127 1228 165 1287 in
184 1226 350 1308 labyrintho
367 1227 515 1286 inclusum
535 1236 608 1298 erat,
628 1228 818 1287 devorandos.
837 1230 906 1306 Qua
923 1231 1037 1308 patriae
1055 1251 1126 1292 suae
1141 1253 1195 1292 ou-

126 1308 261 1370 lnmitate
279 1319 367 1386 atoue
385 1307 546 1389 ignominia
566 1318 660 1368 motus
679 1311 799 1369 tandem
824 1310 960 1384 Theseus,
980 1311 1079 1408 Aegei,
1099 1314 1195 1373 Athe·-

129 1389 277 1459 niomium
296 1389 382 1468 regis,
403 1400 431 1448 et
448 1387 578 1448 Aethrae
588 1390 684 1466 filius,
709 1391 875 1450 volumarie
900 1394 972 1451 sorti
990 1414 1020 1453 ss
1040 1395 1140 1454 obiecit
1168 1406 1196 1454 et

126 1493 200 1533 eum
209 1471 356 1548 fatalibus
376 1472 435 1531 illis
452 1470 548 1548 pueris
568 1482 655 1546 atoue
672 1472 778 1550 puellis
796 1473 829 1530 iu
850 1471 967 1532 Cretam
986 1477 1132 1553 nortgaoe.
1151 1475 1199 1536 Ibi

126 1575 200 1614 eum
219 1552 387 1626 advertisset,
407 1552 555 1625 Ariadna,
576 1553 683 1613 Minois
702 1563 730 1613 et
749 1552 907 1631 Pasiphaes
915 1554 996 1631 filia,
1016 1557 1076 1616 a‘us
1096 1577 1197 1616 amore

127 1644 219 1714 capta
238 1645 290 1707 est,
311 1653 385 1712 quae
405 1634 560 1693 eonsilium
580 1635 608 1694 ei
625 1636 718 1706 dedit,
736 1637 880 1713 quomodo
900 1636 1102 1716 labyrinthum
1129 1659 1196 1698 eva-

129 1723 227 1789 deret,
246 1717 316 1774 dato
326 1717 396 1792 filo,
417 1735 474 1792 quo
494 1718 535 1774 ad
556 1716 660 1775 ostium
681 1715 801 1794 alligato
823 1717 951 1775 reditum
970 1719 1124 1797 dirigeret..
1135 1720 1196 1780 Mi-

128 1810 257 1860 notauro
276 1798 374 1874 itaque
394 1798 545 1874 intenfeeto
569 1807 597 1856 et
616 1797 698 1859 omni
708 1797 837 1875 perieulo
847 1808 980 1871 superato
994 1800 1118 1860 Theseus
1126 1820 1195 1860 eum

127 1880 267 1942 Ariadna
293 1888 322 1938 et
347 1879 498 1949 Phaedra,
525 1900 625 1940 sorore
652 1876 724 1951 eius,
746 1876 834 1938 Creta
853 1880 1000 1958 prefectus
1018 1880 1051 1938 in
1069 1881 1197 1941 insulam

131 1965 258 2045 Nexum
283 1959 411 2040 peruenit
438 1960 533 2038 ibique
562 1959 718 2020 Ariadnen
746 1961 939 2019 dormientem
968 1961 1047 2020 elem
1072 1963 1196 2039 reliquit.

133 2045 271 2107 Ariadna
289 2041 378 2119 igitur
398 2061 488 2119 quum
508 2043 708 2121 expergefacta
727 2061 747 2099 a
769 2042 877 2101 Theseo
894 2043 1041 2121 proditam
1060 2064 1092 2103 se
1110 2054 1197 2122 atque

128 2130 275 2187 desertam
293 2121 422 2196 sentiret,
441 2122 537 2202 primo
563 2122 663 2184 amissi
690 2123 780 2183 amici
805 2125 905 2183 dolore
941 2124 1021 2182 hene
1047 2124 1075 2183 ei
1100 2126 1197 2187 scribit

132 2208 304 2287 Epistolam,
317 2205 396 2265 Ptm.
416 2207 448 2264 in
472 2208 568 2279 Thes,
587 2206 694 2274 Catull
715 2203 813 2264 Carm.
835 2197 895 2274 64¹,
914 2204 990 2288 Hyg.
1010 2204 1042 2265 F.
1061 2196 1196 2280 14·,43,

131 2288 215 2362 270,
238 2289 372 2368 Apollod
392 2286 462 2362 III.,
481 2287 571 2349 Diod·
591 2288 647 2349 Sie.
670 2287 721 2349 IV.
742 2307 767 2347 e.
788 2280 818 2348 4.
854 2284 938 2363 Cous.
967 2286 1053 2346 Hom.
1089 2287 1195 2371 Odyse.

133 2373 191 2445 XI,
209 2368 292 2443 320,
315 2369 398 2431 Ouid
417 2370 495 2432 Fae.
515 2371 575 2444 Ill,
593 2366 664 2432 460.
684 2390 757 2448 sqq,
776 2370 895 2430 Metam.
918 2367 1004 2441 VIII,
1024 2364 1093 2430 139.

39 2567 230 2732 Mitius
255 2647 379 2719 inveni
406 2672 520 2747 quam
544 2659 580 2717 te
605 2668 721 2744 genus
746 2668 856 2715 omne
881 2641 1064 2732 ferarum3

94 2756 251 2832 Credita
274 2783 352 2830 non
379 2756 447 2829 ulli
472 2782 586 2858 qnam
610 2754 676 2825 tibi
704 2754 810 2852 peius
836 2778 948 2823 eram.

38 2870 156 2967 Quae
182 2867 282 2968 legis,
309 2892 355 2940 ex
378 2866 454 2962 illo,
481 2864 641 2952 Theseu,
668 2862 735 2934 tibi
762 2861 870 2934 litore
894 2862 1013 2952 mitto,

93 2977 209 3054 Unde
235 2991 338 3050 tuam
364 2978 442 3049 sine
467 3003 527 3048 me
552 2972 634 3048 vela
659 2972 780 3045 tulere
806 2985 946 3064 ratem3

84 3174 218 3236 Priscae
241 3170 313 3233 edd.
336 3170 597 3253 (quaedam‚non
643 3172 829 3243 neminen,
860 3175 898 3227 ut
925 3166 1071 3262 Micyllus
1098 3171 1194 3247 puta·

38 3265 179 3330 omnes]
214 3262 248 3315 et
289 3251 416 3313 codices
452 3252 598 3312 nonnulli
641 3251 707 3323 bnt,
718 3252 1100 3331 serarum)meior1mene
1116 3268 1195 3328 per-

38 3341 131 3400 hanc
155 3336 333 3418 Epistolam
355 3335 399 3394 sie
409 3333 598 3393 ordiuntur:
642 3332 738 3391 niciei
762 3330 850 3404 credi
862 3330 1046 3410 potuissem.
1065 3328 1194 3387 Initium

80 3438 136 3489 111³
158 3435 256 3487 retices
276 3433 340 3485 feris
355 3433 438 3484 esiam
452 3448 535 3494 nunc,
548 3433 599 3482 tm·
642 3412 827 3473 honoratio
846 3418 903 3478 est.
915 3410 1194 3470 vehementissime

355 3510 442 3579 probe
462 3511 581 3572 Theseu,
642 3493 795 3554 commoti
818 3500 851 3552 et
872 3492 946 3551 irati
970 3491 1077 3563 enimi,
1106 3488 1194 3572 qnod

122 3591 213 3654 viris,
241 3596 271 3640 et
300 3586 368 3640 haec
395 3604 483 3657 aequa
507 3594 600 3637 mente
644 3598 708 3636 non
755 3572 1194 3654 erspieiebetFrancius‚qui

386 3665 483 3717 tulisse
502 3659 597 3717 velia*
627 3653 705 3717 ,hoc
727 3597 887 3715 ‹iistichon
914 3655 1112 3737 suppositum
1141 3673 1195 3713 ex-

31 3754 201 3816 Eiusdem
228 3765 345 3834 nempe
368 3752 492 3812 farinae
525 3772 599 3810 eum
643 3738 812 3798 Isllmssltat·

33 3840 91 3912 iis,
114 3855 200 3918 quae
221 3835 275 3895 hio
296 3835 361 3895 ittic
378 3835 526 3894 iumento
543 3830 600 3892 de·
682 3836 711 3900 3.
734 3843 824 3921 Quae
846 3835 892 3896 Re
916 3880 922 3893 .
945 3834 1096 3894 etXVlII
1123 3831 1193 3891 alii:

31 3920 158 3978 dimne.
179 3923 288 3981 Heres.
311 3916 353 3975 Hi
369 3937 478 3976 versus
494 3911 600 3996 putidi
643 3924 749 4001 Quam,
771 3915 842 3978 Vid.
854 3857 1005 3997 adffipist.
1021 3918 1193 3992 I,1.Bunu.

30 4009 184 4060 suntne
211 3998 447 4080 nequidquam
469 3994 601 4056 Ovidis·
642 4001 775 4079 Septem
813 4006 847 4058 et
880 3996 1010 4079 quidem
1043 3997 1192 4055 meliores

32 4105 105 4142 nae
130 4021 293 4141 facilitatis
313 4088 410 4162 etque
424 4076 599 4161 elegantiae
643 4101 679 4141 ex
700 4081 744 4139 XI
766 4080 862 4140 meis:
885 4086 976 4162 Quae.

31 4164 215 4224 habentes,
238 4167 313 4227 Mre.
683 4165 805 4226 Exilia
824 4194 865 4207 -
885 4167 976 4225 litore.
1010 4155 1193 4219 Secundum

83 4247 114 4311 2.
139 4250 212 4310 Non
234 4249 295 4308 ulli
324 4244 396 4304 Non
419 4241 475 4304 ulii
496 4237 601 4302 homi·
643 4243 721 4304 alios
752 4251 898 4305 auctores
935 4244 965 4302 in
1005 4241 1066 4300 Din
1093 4239 1194 4298 insuta

948 4328 994 4399 15
