2709 4675
179 102 290 227 272'
518 153 844 230 nrrsrona
873 158 971 232 ΧΠ.

174 295 450 397 Disiectamque
474 323 597 371 comas
623 298 854 402 adversaque
880 304 920 374 in
946 328 1011 378 ora
1036 305 1224 384 iacentem

225 406 380 496 Invenit,
407 421 443 479 et
467 407 628 481 lacrimis
654 413 778 484 omnia
803 412 913 512 plena
936 415 1047 507 meis;

175 512 278 587 Orat‘
294 542 403 616 opem
429 519 576 615 Minyis.
603 520 697 590 Petit
722 520 847 610 altera,
869 536 910 599 ,et
932 522 1048 596 altera
1073 522 1253 601 habebat:
1270 537 1313 608 65
1346 518 1347 543 ’

45 692 49 701 ,
111 712 115 727 α
220 626 381 700 Aesonio
408 627 542 715 iuveni,
569 626 675 728 quod
699 643 803 730 rogat
828 630 902 720 illa,
929 632 1072 708 damus.

172 823 257 883 mnia
279 822 408 904 copiose
430 830 527 903 atque
556 823 720 906 eleganter
759 824 850 884 nobis
891 825 1002 901 liceat,
1034 827 1160 909 pudore
1206 832 1313 915 aliquo
1346 796 1347 891 Ι

173 913 355 965 narrantem
378 905 521 963 consulet
534 904 569 963 L.
587 906 649 980 nt,
664 903 719 964 ubi
759 904 929 966 adductam
952 906 1098 969 Medeam
1120 932 1193 972 sese
1224 936 1244 974 a
1265 936 1316 975 so-
1346 902 1347 931 Ι

172 988 196 1046 is
219 984 365 1044 Medeam
392 985 508 1044 acerbe
537 986 719 1066 ptorantem
759 1008 833 1046 rore
879 989 1020 1048 intrante
1055 993 1226 1065 avertisse;
1261 994 1314 1057 sed
1346 1024 1347 1081 q

172 1066 305 1141 inducit,
340 1086 400 1125 nec
428 1066 532 1125 minus
561 1075 594 1125 et
625 1066 720 1126 chat·
758 1088 865 1127 sensus
888 1070 1028 1150 postulat
1050 1074 1312 1157 notionemque
1346 1096 1347 1131 i

170 1151 411 1228 eiopen.Hnrrs.
423 1148 514 1205 Conf.
529 1147 606 1229 Hyg.
618 1149 653 1207 F.
668 1150 717 1212 2i.
758 1150 887 1208 tristitia
907 1148 1099 1228 declaretur,
1113 1174 1178 1212 non
1195 1158 1314 1236 pudor,
1346 1146 1347 1169 ¹

143 1284 146 1290 ,
209 1232 260 1296 63·
281 1234 467 1310 Αιίυενεαᾳιιε
487 1234 519 1291 in
539 1234 719 1293 orcAversa
757 1230 831 1369 quia
851 1233 881 1292 τὸ
903 1258 931 1294 a.
951 1237 983 1296 in
1011 1257 1036 1295 o.
1069 1239 1088 1297 i.
1117 1236 1208 1295 inter
1244 1259 1312 1297 me-

168 1311 252 1393 vulg.
275 1332 348 1369 eum
375 1311 557 1369 Burmanno
587 1311 717 1384 retinui,
782 1312 809 1370 ia
844 1312 946 1372 tuctus
977 1315 1064 1395 signa
1102 1321 1314 1400 (deiectamque
1346 1312 1347 1389 Ι

170 1392 310 1476 quamvis
337 1398 456 1455 adversa
483 1391 587 1463 ,multi
622 1389 717 1450 codd.
755 1386 853 1457 comos
874 1402 907 1453 et
937 1400 1066 1459 lacrimis
1093 1404 1196 1462 omacio
1223 1409 1312 1483 piena

168 1474 353 1547 exhibeant,
384 1481 417 1531 et
448 1473 468 1531 Ι.
500 1470 582 1531 banc
620 1473 716 1532 unice
756 1474 985 1554 interponitur,
1011 1479 1062 1536 cui
1085 1500 1187 1540 unum
1211 1484 1313 1563 aptis·
1346 1532 1347 1537 ,

166 1556 286 1638 probet
306 1551 469 1613 Nodellins
490 1554 561 1612 Not.
584 1554 663 1613 Crit.
685 1573 714 1615 c.
754 1555 868 1614 simum
889 1563 938 1615 est
968 1564 1089 1623 minema
1115 1565 1147 1623 ἰη
1176 1586 1233 1627 om
1266 1569 1312 1627 ia.
1346 1570 1347 1591 ³

167 1643 197 1703 4.
218 1660 249 1718 p.
272 1634 395 1711 95.,ubi
419 1634 715 1716 „Pronam,inquit,
754 1651 875 1701 canem.
912 1638 1008 1714 Quod
1030 1649 1136 1701 autem
1160 1644 1207 1701 sic
1230 1644 1309 1702 illud

167 1719 298 1779 iacuisse
337 1725 463 1776 constat
500 1737 536 1777 ex
567 1717 715 1799 Apellen.
753 1723 873 1781 adversa
893 1720 1031 1779 otiosum
1052 1718 1132 1780 dicit
1160 1724 1310 1805 Letanep,

164 1800 225 1861 ΙΙΙ).
248 1800 300 1874 ΙΙΙ,
320 1797 391 1863 655.
754 1798 828 1858 huic
850 1798 898 1858 rei
919 1799 1038 1860 iterum
1056 1800 1310 1883 dico,praeser-
1338 1844 1345 1856 -

205 1889 348 1962 Ae'urporqi
365 1881 468 1963 πρηνὴς
488 1880 659 1940 ἐνικάππεσεν
676 1882 715 1940 ei-
752 1881 848 1939 tima
875 1877 917 1939 ud
939 1880 1099 1956 Ovidium,
1113 1905 1231 1963 parum
1251 1887 1311 1946 tri·

336 1956 339 1959 *
539 1966 673 2034 λιχθεῖσα.
752 1902 915 2021 licendum
937 1984 1003 2023 esse
1031 1964 1198 2024 momenti.
1242 1966 1309 2027 Mei

161 2043 222 2104 Sed
246 2041 320 2102 inde
340 2048 461 2105 mincrso
475 2040 551 2121 quin
567 2041 714 2101 seriben-
751 2048 1215 2127 omnesadeersaquesscterum
1227 2071 1309 2108 con-

163 2125 238 2185 dem
260 2124 309 2198 sit,
331 2125 398 2204 quis
416 2122 595 2182 dubitabit?
615 2142 713 2202 prae·
750 2125 886 2183 structio
906 2130 1002 2189 iacere
1020 2133 1054 2189 in
1073 2152 1126 2190 oro
1157 2130 1207 2186 uti
1243 2150 1305 2189 nec
1346 2128 1347 2131 '

162 2207 352 2286 cipue-cum
376 2225 414 2262 ne
435 2203 568 2284 intelligi
581 2201 712 2283 quidem
750 2206 866 2265 ceteris
901 2206 1021 2291 Latinis
1056 2209 1162 2287 poetis
1202 2210 1307 2281 inusi-

161 2286 270 2384 possit,
293 2283 455 2366 quomodo
484 2291 517 2348 in
536 2310 635 2350 auerso
657 2310 711 2350 oro
748 2293 815 2345 tata
837 2293 893 2361 est,
916 2287 959 2346 ita
981 2287 1077 2347 etiam
1094 2288 1180 2369 apud
1197 2294 1309 2353 Grae-

161 2388 267 2430 iacere
290 2368 359 2448 quis
381 2372 508 2449 queat.“
538 2364 709 2447 Equidem,
749 2368 1312 2449 eosreperitur.n0m.11.xxtr,10.

160 2451 209 2511 uti
229 2469 365 2530 pronam
395 2448 526 2508 iacuisse
554 2469 617 2510 non
652 2467 710 2507 ne·
782 2450 891 2513 ’Ἀλλοθ
924 2455 968 2512 tat
996 2454 1114 2534 atwpda
1142 2462 1310 2535 κατακείμε-

182 2531 340 2611 em,quin
364 2528 496 2588 etittud
524 2529 617 2588 facite
643 2530 710 2588 No·
778 2604 781 2609 Ι
1113 2559 1277 2604 rog-n...

160 2557 257 2674 dedic
273 2611 398 2694 largiar,
410 2610 565 2684 homines,
578 2609 707 2691 quando
748 2613 840 2673 Conf.
862 2613 990 2672 Metam.
1014 2613 1037 2688 Ι,
1059 2613 1130 2680 720.

157 2701 189 2760 in
220 2721 283 2769 oro,
313 2696 377 2753 sive
408 2700 445 2751 nt
481 2693 619 2751 travenat.
655 2693 707 2766 ΙΙΙ,
786 2690 835 2759 ΙΙΙ.
856 2700 975 2779 Minyis.
1004 2695 1071 2753 Cur
1092 2699 1312 2778 Argonautae

157 2778 228 2843 280.
259 2775 347 2850 dixit,
384 2779 417 2837 in
442 2777 558 2853 sociem
592 2779 708 2850 cubent,
745 2779 865 2862 Minyae
880 2776 1095 2855 appellentur,
1111 2779 1308 2861 ambigitur.

157 2879 286 2939 semper
316 2857 410 2916 ctiam
431 2860 463 2916 in
492 2863 614 2918 adverso
642 2880 707 2930 ora,
747 2858 918 2942 Apollonio
941 2857 997 2935 (1.)
1020 2865 1053 2916 et
1083 2858 1214 2942 Hygino
1249 2866 1309 2942 (F.

155 2947 188 3004 in
216 2948 367 3004 adeersum
375 2942 491 3018 sociem
513 2937 642 3009 cuba'rc,
663 2937 707 2993 ita
749 2936 817 3015 14.)
831 2937 1025 3010 auctoribus,
1037 2940 1111 3019 quia
1123 2943 1219 3013 tason
1231 2965 1313 3004 cum

156 3031 293 3105 propter
314 3021 374 3077 boc
397 3021 497 3099 ipsum
515 3016 605 3075 valde
622 3016 708 3075 otio·
748 3018 854 3078 atiise
882 3026 978 3100 gente
1008 3021 1189 3102 Minyarum
1231 3026 1312 3085 fuit.

156 3125 225 3163 sum
248 3101 385 3161 incesse
409 3097 575 3179 epitheton
597 3100 627 3158 τὸ
649 3105 707 3160 oet·
747 3098 1161 3181 Eustatb.ad0dyss.X1.
1200 3104 1313 3185 ipsam

155 3211 236 3251 versa
256 3191 347 3264 puto.
383 3181 462 3239 Nam
489 3179 599 3238 dixisse
620 3178 705 3238 suffi-
746 3181 855 3242 [oleon
878 3182 1036 3240 coloniam
1050 3183 1237 3264 Minyarnm
1254 3189 1314 3248 su-

156 3267 264 3326 cichat
293 3271 325 3328 in
357 3288 418 3326 orn.
461 3262 581 3321 Verum
603 3263 706 3319 enirn·
747 3261 805 3322 isse
824 3260 1133 3336 tendisse-ebonem
1151 3265 1223 3325 sine
1241 3267 1313 3327 du-

157 3368 234 3407 vero
257 3345 311 3405 ubi
340 3345 419 3425 quis,
452 3341 495 3402 ita
521 3343 628 3400 animo
657 3343 705 3400 as·
746 3342 800 3401 bio
822 3352 947 3402 secutus
969 3344 1004 3403 L.
1028 3345 1080 3415 IX.
1107 3338 1184 3424 yid}
1219 3347 1313 3407 ont.

155 3429 268 3504 fectus,
291 3434 328 3486 ut
349 3423 473 3499 Medea,
496 3424 553 3482 sub
576 3424 703 3481 visentis
745 3425 863 3484 Miiller
915 3423 1108 3484 Geschichte
1168 3425 1312 3494 stetten.
1346 3477 1347 3500 1

102 3555 105 3562 .
156 3509 260 3590 ipsum
298 3509 332 3566 in
371 3507 454 3564 lecto
494 3504 704 3565 recubantem
744 3505 883 3564 Stiimme
904 3505 941 3564 T.
966 3508 985 3564 Ι.
1012 3507 1084 3570 258.
1116 3528 1186 3588 sqq.
1223 3512 1309 3570 cott.

154 3590 248 3650 amici
271 3589 320 3649 vel
340 3586 516 3668 propinqui
526 3594 703 3658 v‘accessum
743 3607 775 3668 p.
785 3583 855 3652 2118.
869 3586 1027 3645 Meziriac.
1041 3587 1059 3650 Ι.
1071 3587 1090 3646 Ι.
1106 3589 1142 3646 Τ.
1156 3590 1193 3646 ΙΙ.
1207 3593 1313 3669 p.57.

153 3691 232 3753 prae
254 3667 379 3751 pudore
402 3672 508 3726 statim
527 3672 560 3729 in
584 3690 638 3730 oro
668 3687 701 3725 se
783 3668 832 3733 65.
866 3673 942 3731 Petit
961 3674 1067 3742 altera,
1085 3675 1180 3732 attera
1206 3678 1315 3738 hobe-

153 3752 303 3826 conieeit,
325 3758 414 3809 recte
436 3747 565 3822 dicitur,
587 3766 637 3805 me
649 3747 704 3806 iu·
742 3752 798 3811 bat.
820 3748 881 3807 Vnt
905 3770 924 3806 o
945 3770 1018 3807 eum
1033 3756 1110 3807 vett.
1127 3748 1225 3814 edd:
1244 3761 1315 3820 lm-

154 3831 237 3906 dice,
270 3852 342 3892 eum
375 3832 458 3889 atter
495 3827 640 3889 invenire
670 3833 703 3890 in
743 3832 825 3906 bebit,
846 3771 934 3888 nuile
956 3826 1169 3918 satisxidoneo
1193 3853 1316 3898 sensu.

152 3939 252 3978 averso
287 3912 343 3992 (ab
380 3911 430 3989 se)
467 3915 609 3975 iacentem
639 3936 701 3973 ora.
742 3909 1314 3997 Nobishaecvideturpoetaemens

153 3998 308 4055 Ceterum
337 3992 424 4052 aliud
460 4001 586 4072 tempus
620 3992 639 4049 Ι.
672 4012 700 4050 c.
743 3993 856 4052 fuisse:
888 3993 968 4052 Cum
989 3991 1071 4051 duae
1093 4014 1225 4055 sorores
1252 4021 1317 4059 es-
1346 4045 1347 4062 ,

152 4075 301 4155 Apollon.
324 4073 486 4146 describit,
514 4071 598 4132 aliud
628 4072 656 4130 b.
682 4073 700 4130 Ι.
742 4082 823 4149 sent,
846 4073 890 4132 ita
911 4074 1043 4132 fortuna
1070 4086 1318 4155 comparatum

151 4155 294 4215 Ovidius.
315 4161 409 4219 Lean.
430 4153 494 4213 Sed
511 4161 596 4213 totus
613 4154 699 4212 iocus
722 4155 812 4229 ,snit,
849 4162 895 4230 ut,
932 4176 1028 4237 qoam
1062 4177 1126 4215 aina
1164 4167 1321 4238 peteret

152 4237 235 4298 nihit
261 4238 416 4312 continet,
450 4255 516 4316 quo
546 4235 701 4317 suspicari
741 4235 867 4319 Minyis,
885 4237 1157 4319 alterapraebere
1173 4257 1320 4324 posset,
