<?xml version="1.0" encoding="UTF-8"?>
<!DOCTYPE html PUBLIC "-//W3C//DTD XHTML 1.0 Transitional//EN"
    "http://www.w3.org/TR/xhtml1/DTD/xhtml1-transitional.dtd">
<html xmlns="http://www.w3.org/1999/xhtml" xml:lang="en" lang="en">
 <head>
  <title>
</title>
<meta http-equiv="Content-Type" content="text/html;charset=utf-8" />
  <meta name='ocr-system' content='tesseract 3.04.00' />
  <meta name='ocr-capabilities' content='ocr_page ocr_carea ocr_par ocr_line ocrx_word'/>
</head>
<body>
  <div class='ocr_page' id='page_1' title='image "./povidiinasonish00ovidgoog_0645.png"; bbox 0 0 2709 4675; ppageno 0'>
   <div class='ocr_carea' id='block_1_1' title="bbox 511 20 2364 128">
    <p class='ocr_par' dir='ltr' id='par_1_1' title="bbox 511 20 2364 128">
     <span class='ocr_line' id='line_1_1' title="bbox 511 20 2364 128; baseline 0.008 -34"><span class='ocrx_word' id='word_1_1' title='bbox 511 20 626 95; x_wconf 91' lang='lat' dir='ltr'><strong>Ac</strong></span> <span class='ocrx_word' id='word_1_2' title='bbox 679 23 889 99; x_wconf 86' lang='lat' dir='ltr'><strong>locus</strong></span> <span class='ocrx_word' id='word_1_3' title='bbox 940 27 1256 128; x_wconf 90' lang='lat' dir='ltr'><strong>quidem</strong></span> <span class='ocrx_word' id='word_1_4' title='bbox 1305 27 1561 103; x_wconf 82' lang='lat' dir='ltr'><strong>Ovidii</strong></span> <span class='ocrx_word' id='word_1_5' title='bbox 1611 31 1981 105; x_wconf 86' lang='lat' dir='ltr'><strong>Amorum</strong></span> <span class='ocrx_word' id='word_1_6' title='bbox 2027 29 2149 106; x_wconf 90' lang='lat' dir='ltr'><strong>hic</strong></span> <span class='ocrx_word' id='word_1_7' title='bbox 2202 47 2364 108; x_wconf 86' lang='lat' dir='ltr'><strong>est:</strong></span> 
     </span>
    </p>
   </div>
   <div class='ocr_carea' id='block_1_2' title="bbox 568 145 2329 891">
    <p class='ocr_par' dir='ltr' id='par_1_2' title="bbox 568 145 2276 326">
     <span class='ocr_line' id='line_1_2' title="bbox 568 145 2276 233; baseline 0.006 -29"><span class='ocrx_word' id='word_1_8' title='bbox 568 145 778 222; x_wconf 90' lang='lat' dir='ltr'><strong>Quam</strong></span> <span class='ocrx_word' id='word_1_9' title='bbox 821 148 953 210; x_wconf 87' lang='lat' dir='ltr'><strong>cito</strong></span> <span class='ocrx_word' id='word_1_10' title='bbox 999 147 1080 211; x_wconf 89' lang='lat' dir='ltr'><strong>de</strong></span> <span class='ocrx_word' id='word_1_11' title='bbox 1125 159 1267 211; x_wconf 88' lang='lat' dir='ltr'><strong>toto</strong></span> <span class='ocrx_word' id='word_1_12' title='bbox 1312 150 1510 212; x_wconf 88' lang='lat' dir='ltr'><strong>rediit</strong></span> <span class='ocrx_word' id='word_1_13' title='bbox 1550 173 1727 213; x_wconf 83' lang='lat' dir='ltr'><strong>meus</strong></span> <span class='ocrx_word' id='word_1_14' title='bbox 1770 152 1931 214; x_wconf 86' lang='lat' dir='ltr'><strong>orbe</strong></span> <span class='ocrx_word' id='word_1_15' title='bbox 1976 152 2276 233; x_wconf 86' lang='lat' dir='ltr'><strong>Sabinus,</strong></span> 
     </span>
     <span class='ocr_line' id='line_1_3' title="bbox 652 240 1982 326; baseline 0.008 -28"><span class='ocrx_word' id='word_1_16' title='bbox 652 240 1038 326; x_wconf 74' lang='lat' dir='ltr'><strong>Scriptaque</strong></span> <span class='ocrx_word' id='word_1_17' title='bbox 1081 241 1346 304; x_wconf 83' lang='lat' dir='ltr'><strong>diversis</strong></span> <span class='ocrx_word' id='word_1_18' title='bbox 1390 245 1614 305; x_wconf 89' lang='lat' dir='ltr'><strong>retulit</strong></span> <span class='ocrx_word' id='word_1_19' title='bbox 1656 245 1761 307; x_wconf 90' lang='lat' dir='ltr'><strong>ille</strong></span> <span class='ocrx_word' id='word_1_20' title='bbox 1804 246 1982 308; x_wconf 86' lang='lat' dir='ltr'><strong>locis.</strong></span> 
     </span>
    </p>

    <p class='ocr_par' dir='ltr' id='par_1_3' title="bbox 574 332 2147 514">
     <span class='ocr_line' id='line_1_4' title="bbox 574 332 2133 424; baseline 0.005 -32"><span class='ocrx_word' id='word_1_21' title='bbox 574 332 860 395; x_wconf 85' lang='lat' dir='ltr'><strong>Candida</strong></span> <span class='ocrx_word' id='word_1_22' title='bbox 903 335 1230 419; x_wconf 81' lang='lat' dir='ltr'><strong>Penelope</strong></span> <span class='ocrx_word' id='word_1_23' title='bbox 1270 337 1517 422; x_wconf 82' lang='lat' dir='ltr'><strong>signum</strong></span> <span class='ocrx_word' id='word_1_24' title='bbox 1561 339 1863 424; x_wconf 78' lang='lat' dir='ltr'><strong>cognovit</strong></span> <span class='ocrx_word' id='word_1_25' title='bbox 1901 340 2133 412; x_wconf 83' lang='lat' dir='ltr'><strong>Ulixis;</strong></span> 
     </span>
     <span class='ocr_line' id='line_1_5' title="bbox 650 427 2147 514; baseline 0.005 -27"><span class='ocrx_word' id='word_1_26' title='bbox 650 427 838 511; x_wconf 82' lang='lat' dir='ltr'><strong>Legit</strong></span> <span class='ocrx_word' id='word_1_27' title='bbox 879 430 956 490; x_wconf 85' lang='lat' dir='ltr'><strong>ab</strong></span> <span class='ocrx_word' id='word_1_28' title='bbox 1004 429 1361 514; x_wconf 85' lang='lat' dir='ltr'><strong>Hippolyto</strong></span> <span class='ocrx_word' id='word_1_29' title='bbox 1404 433 1641 513; x_wconf 86' lang='lat' dir='ltr'><strong>scripta</strong></span> <span class='ocrx_word' id='word_1_30' title='bbox 1685 453 1963 495; x_wconf 83' lang='lat' dir='ltr'><strong>noverca</strong></span> <span class='ocrx_word' id='word_1_31' title='bbox 2004 455 2147 505; x_wconf 85' lang='lat' dir='ltr'><strong>suo;</strong></span> 
     </span>
    </p>

    <p class='ocr_par' dir='ltr' id='par_1_4' title="bbox 576 521 2329 702">
     <span class='ocr_line' id='line_1_6' title="bbox 576 521 2172 609; baseline 0.004 -28"><span class='ocrx_word' id='word_1_32' title='bbox 576 521 704 582; x_wconf 86' lang='lat' dir='ltr'><strong>Iam</strong></span> <span class='ocrx_word' id='word_1_33' title='bbox 746 522 888 604; x_wconf 86' lang='lat' dir='ltr'><strong>pius</strong></span> <span class='ocrx_word' id='word_1_34' title='bbox 928 525 1174 585; x_wconf 82' lang='lat' dir='ltr'><strong>Aeneas</strong></span> <span class='ocrx_word' id='word_1_35' title='bbox 1216 524 1486 586; x_wconf 80' lang='lat' dir='ltr'><strong>miserae</strong></span> <span class='ocrx_word' id='word_1_36' title='bbox 1532 527 1860 609; x_wconf 75' lang='lat' dir='ltr'><strong>rescripsit</strong></span> <span class='ocrx_word' id='word_1_37' title='bbox 1901 528 2172 598; x_wconf 57' lang='lat' dir='ltr'><strong>Elissam</strong></span> 
     </span>
     <span class='ocr_line' id='line_1_7' title="bbox 659 615 2329 702; baseline 0.004 -27"><span class='ocrx_word' id='word_1_38' title='bbox 659 615 982 701; x_wconf 85' lang='lat' dir='ltr'><strong>Quodque</strong></span> <span class='ocrx_word' id='word_1_39' title='bbox 1024 619 1194 702; x_wconf 86' lang='lat' dir='ltr'><strong>legat</strong></span> <span class='ocrx_word' id='word_1_40' title='bbox 1233 617 1498 702; x_wconf 79' lang='lat' dir='ltr'><strong>Phyllis,</strong></span> <span class='ocrx_word' id='word_1_41' title='bbox 1538 618 1588 679; x_wconf 87' lang='lat' dir='ltr'><strong>si</strong></span> <span class='ocrx_word' id='word_1_42' title='bbox 1632 617 1826 680; x_wconf 89' lang='lat' dir='ltr'><strong>modo</strong></span> <span class='ocrx_word' id='word_1_43' title='bbox 1871 621 2045 697; x_wconf 81' lang='lat' dir='ltr'><strong>vivit,</strong></span> <span class='ocrx_word' id='word_1_44' title='bbox 2087 620 2329 694; x_wconf 79' lang='lat' dir='ltr'><strong>habet3</strong></span> 
     </span>
    </p>

    <p class='ocr_par' dir='ltr' id='par_1_5' title="bbox 577 709 2226 891">
     <span class='ocr_line' id='line_1_8' title="bbox 577 709 2226 796; baseline 0.002 -24"><span class='ocrx_word' id='word_1_45' title='bbox 577 709 802 772; x_wconf 78' lang='lat' dir='ltr'><strong>Tristis</strong></span> <span class='ocrx_word' id='word_1_46' title='bbox 844 710 1366 796; x_wconf 77' lang='lat' dir='ltr'><strong>ad·H5psipyleu</strong></span> <span class='ocrx_word' id='word_1_47' title='bbox 1409 712 1487 775; x_wconf 86' lang='lat' dir='ltr'><strong>ab</strong></span> <span class='ocrx_word' id='word_1_48' title='bbox 1531 713 1750 774; x_wconf 83' lang='lat' dir='ltr'><strong>Iasone</strong></span> <span class='ocrx_word' id='word_1_49' title='bbox 1792 713 1977 774; x_wconf 84' lang='lat' dir='ltr'><strong>litera</strong></span> <span class='ocrx_word' id='word_1_50' title='bbox 2016 714 2226 786; x_wconf 75' lang='lat' dir='ltr'><strong>venit;</strong></span> 
     </span>
     <span class='ocr_line' id='line_1_9' title="bbox 664 806 2131 891; baseline 0.001 -24"><span class='ocrx_word' id='word_1_51' title='bbox 664 807 794 867; x_wconf 91' lang='lat' dir='ltr'><strong>Det</strong></span> <span class='ocrx_word' id='word_1_52' title='bbox 833 815 1047 867; x_wconf 85' lang='lat' dir='ltr'><strong>votam</strong></span> <span class='ocrx_word' id='word_1_53' title='bbox 1090 806 1361 868; x_wconf 87' lang='lat' dir='ltr'><strong>Phoebo</strong></span> <span class='ocrx_word' id='word_1_54' title='bbox 1402 806 1620 868; x_wconf 82' lang='lat' dir='ltr'><strong>Lesbis</strong></span> <span class='ocrx_word' id='word_1_55' title='bbox 1664 816 1869 868; x_wconf 81' lang='lat' dir='ltr'><strong>amata</strong></span> <span class='ocrx_word' id='word_1_56' title='bbox 1909 808 2131 891; x_wconf 84' lang='lat' dir='ltr'><strong>lyram.</strong></span> 
     </span>
    </p>
   </div>
   <div class='ocr_carea' id='block_1_3' title="bbox 496 908 2275 1011">
    <p class='ocr_par' dir='ltr' id='par_1_6' title="bbox 496 908 2275 1011">
     <span class='ocr_line' id='line_1_10' title="bbox 496 908 2275 1011; baseline 0.003 -31"><span class='ocrx_word' id='word_1_57' title='bbox 496 908 585 981; x_wconf 91' lang='lat' dir='ltr'><strong>In</strong></span> <span class='ocrx_word' id='word_1_58' title='bbox 636 911 988 1011; x_wconf 84' lang='lat' dir='ltr'><strong>Epistolis</strong></span> <span class='ocrx_word' id='word_1_59' title='bbox 1038 937 1132 985; x_wconf 80' lang='lat' dir='ltr'><strong>ex</strong></span> <span class='ocrx_word' id='word_1_60' title='bbox 1182 915 1421 986; x_wconf 90' lang='lat' dir='ltr'><strong>Ponto</strong></span> <span class='ocrx_word' id='word_1_61' title='bbox 1474 910 1793 985; x_wconf 87' lang='lat' dir='ltr'><strong>Ovidius</strong></span> <span class='ocrx_word' id='word_1_62' title='bbox 1843 912 1952 986; x_wconf 86' lang='lat' dir='ltr'><strong>sic</strong></span> <span class='ocrx_word' id='word_1_63' title='bbox 2006 911 2275 986; x_wconf 82' lang='lat' dir='ltr'><strong>habet:</strong></span> 
     </span>
    </p>
   </div>
   <div class='ocr_carea' id='block_1_4' title="bbox 568 1033 2360 1400">
    <p class='ocr_par' dir='ltr' id='par_1_7' title="bbox 568 1033 2142 1209">
     <span class='ocr_line' id='line_1_11' title="bbox 568 1033 2142 1117; baseline 0.001 -22"><span class='ocrx_word' id='word_1_64' title='bbox 568 1034 657 1095; x_wconf 84' lang='lat' dir='ltr'><strong>Et</strong></span> <span class='ocrx_word' id='word_1_65' title='bbox 698 1035 809 1117; x_wconf 87' lang='lat' dir='ltr'><strong>qui</strong></span> <span class='ocrx_word' id='word_1_66' title='bbox 852 1034 1216 1117; x_wconf 84' lang='lat' dir='ltr'><strong>Penelopae</strong></span> <span class='ocrx_word' id='word_1_67' title='bbox 1257 1033 1619 1096; x_wconf 82' lang='lat' dir='ltr'><strong>rescribere</strong></span> <span class='ocrx_word' id='word_1_68' title='bbox 1665 1035 1840 1095; x_wconf 89' lang='lat' dir='ltr'><strong>iussit</strong></span> <span class='ocrx_word' id='word_1_69' title='bbox 1889 1034 2142 1114; x_wconf 81' lang='lat' dir='ltr'><strong>Ulixen,</strong></span> 
     </span>
     <span class='ocr_line' id='line_1_12' title="bbox 647 1127 2050 1209; baseline -0.001 -19"><span class='ocrx_word' id='word_1_70' title='bbox 647 1127 994 1190; x_wconf 79' lang='lat' dir='ltr'><strong>Errantem</strong></span> <span class='ocrx_word' id='word_1_71' title='bbox 1035 1149 1223 1189; x_wconf 84' lang='lat' dir='ltr'><strong>saevo</strong></span> <span class='ocrx_word' id='word_1_72' title='bbox 1265 1148 1390 1209; x_wconf 85' lang='lat' dir='ltr'><strong>per</strong></span> <span class='ocrx_word' id='word_1_73' title='bbox 1431 1127 1559 1188; x_wconf 89' lang='lat' dir='ltr'><strong>duo</strong></span> <span class='ocrx_word' id='word_1_74' title='bbox 1605 1128 1804 1190; x_wconf 81' lang='lat' dir='ltr'><strong>lustra</strong></span> <span class='ocrx_word' id='word_1_75' title='bbox 1842 1129 2006 1189; x_wconf 87' lang='lat' dir='ltr'><strong>mari</strong></span> <span class='ocrx_word' id='word_1_76' title='bbox 2029 1154 2050 1204; x_wconf 80' lang='lat'>3</span> 
     </span>
    </p>

    <p class='ocr_par' dir='ltr' id='par_1_8' title="bbox 573 1221 2360 1400">
     <span class='ocr_line' id='line_1_13' title="bbox 573 1221 2360 1306; baseline 0.003 -24"><span class='ocrx_word' id='word_1_77' title='bbox 573 1222 830 1304; x_wconf 88' lang='lat' dir='ltr'><strong>Quique</strong></span> <span class='ocrx_word' id='word_1_78' title='bbox 873 1243 1048 1283; x_wconf 86' lang='lat' dir='ltr'><strong>suam</strong></span> <span class='ocrx_word' id='word_1_79' title='bbox 1090 1223 1425 1283; x_wconf 81' lang='lat' dir='ltr'><strong>Troezena</strong></span> <span class='ocrx_word' id='word_1_80' title='bbox 1466 1222 2049 1306; x_wconf 83' lang='lat' dir='ltr'><strong>imperfectumque</strong></span> <span class='ocrx_word' id='word_1_81' title='bbox 2090 1221 2360 1288; x_wconf 87' lang='lat' dir='ltr'><strong>dierum</strong></span> 
     </span>
     <span class='ocr_line' id='line_1_14' title="bbox 653 1315 1991 1400; baseline 0 -23"><span class='ocrx_word' id='word_1_82' title='bbox 653 1316 962 1377; x_wconf 86' lang='lat' dir='ltr'><strong>Deseruit</strong></span> <span class='ocrx_word' id='word_1_83' title='bbox 1003 1315 1200 1388; x_wconf 80' lang='lat' dir='ltr'><strong>celeri</strong></span> <span class='ocrx_word' id='word_1_84' title='bbox 1243 1323 1455 1376; x_wconf 88' lang='lat' dir='ltr'><strong>morte</strong></span> <span class='ocrx_word' id='word_1_85' title='bbox 1497 1315 1766 1377; x_wconf 86' lang='lat' dir='ltr'><strong>Sabinus</strong></span> <span class='ocrx_word' id='word_1_86' title='bbox 1812 1337 1991 1400; x_wconf 87' lang='lat' dir='ltr'><strong>opus.</strong></span> 
     </span>
    </p>
   </div>
   <div class='ocr_carea' id='block_1_5' title="bbox 362 1419 2646 1854">
    <p class='ocr_par' dir='ltr' id='par_1_9' title="bbox 362 1419 2646 1854">
     <span class='ocr_line' id='line_1_15' title="bbox 497 1419 2645 1524; baseline -0 -27"><span class='ocrx_word' id='word_1_87' title='bbox 497 1423 585 1497; x_wconf 89' lang='lat' dir='ltr'><strong>In</strong></span> <span class='ocrx_word' id='word_1_88' title='bbox 613 1423 938 1515; x_wconf 82' lang='lat' dir='ltr'><strong>editione</strong></span> <span class='ocrx_word' id='word_1_89' title='bbox 969 1422 1254 1497; x_wconf 88' lang='lat' dir='ltr'><strong>Veneta</strong></span> <span class='ocrx_word' id='word_1_90' title='bbox 1277 1447 1341 1492; x_wconf 88' lang='lat' dir='ltr'><strong>a.</strong></span> <span class='ocrx_word' id='word_1_91' title='bbox 1397 1426 1611 1498; x_wconf 83' lang='grc'><strong>1486.</strong></span> <span class='ocrx_word' id='word_1_92' title='bbox 1665 1419 1846 1495; x_wconf 87' lang='lat' dir='ltr'><strong>haec</strong></span> <span class='ocrx_word' id='word_1_93' title='bbox 1894 1420 2288 1524; x_wconf 82' lang='lat' dir='ltr'><strong>leguntur:</strong></span> <span class='ocrx_word' id='word_1_94' title='bbox 2328 1425 2645 1504; x_wconf 73' lang='lat' dir='ltr'><strong>A-Sabi-</strong></span> 
     </span>
     <span class='ocr_line' id='line_1_16' title="bbox 370 1529 2646 1638; baseline 0.001 -31"><span class='ocrx_word' id='word_1_95' title='bbox 370 1561 551 1622; x_wconf 83' lang='lat' dir='ltr'><strong>nus,</strong></span> <span class='ocrx_word' id='word_1_96' title='bbox 581 1561 812 1637; x_wconf 81' lang='lat' dir='ltr'><strong>eques</strong></span> <span class='ocrx_word' id='word_1_97' title='bbox 861 1536 1252 1607; x_wconf 82' lang='lat' dir='ltr'><strong>Romanus</strong></span> <span class='ocrx_word' id='word_1_98' title='bbox 1302 1529 1843 1604; x_wconf 79' lang='lat' dir='ltr'><strong>celeberrimus</strong></span> <span class='ocrx_word' id='word_1_99' title='bbox 1887 1548 2291 1638; x_wconf 79' lang='lat' dir='ltr'><strong>vatesque,</strong></span> <span class='ocrx_word' id='word_1_100' title='bbox 2316 1539 2646 1614; x_wconf 79' lang='lat' dir='ltr'><strong>Nasonis</strong></span> 
     </span>
     <span class='ocr_line' id='line_1_17' title="bbox 367 1638 2643 1747; baseline 0 -31"><span class='ocrx_word' id='word_1_101' title='bbox 367 1643 830 1746; x_wconf 80' lang='lat' dir='ltr'><strong>temporibus</strong></span> <span class='ocrx_word' id='word_1_102' title='bbox 874 1643 1186 1739; x_wconf 81' lang='lat' dir='ltr'><strong>floruit.</strong></span> <span class='ocrx_word' id='word_1_103' title='bbox 1303 1641 1461 1739; x_wconf 82' lang='lat' dir='ltr'><strong>Qui</strong></span> <span class='ocrx_word' id='word_1_104' title='bbox 1506 1638 1645 1713; x_wconf 75' lang='lat' dir='ltr'><strong>kas</strong></span> <span class='ocrx_word' id='word_1_105' title='bbox 1694 1666 1950 1716; x_wconf 81' lang='lat' dir='ltr'><strong>omnes</strong></span> <span class='ocrx_word' id='word_1_106' title='bbox 1997 1655 2544 1747; x_wconf 76' lang='lat' dir='ltr'><strong>responsorias</strong></span> <span class='ocrx_word' id='word_1_107' title='bbox 2586 1661 2643 1720; x_wconf 80' lang='lat' dir='ltr'><strong>et</strong></span> 
     </span>
     <span class='ocr_line' id='line_1_18' title="bbox 362 1753 1877 1854; baseline -0.005 -25"><span class='ocrx_word' id='word_1_108' title='bbox 362 1757 557 1829; x_wconf 86' lang='lat' dir='ltr'><strong>alias</strong></span> <span class='ocrx_word' id='word_1_109' title='bbox 605 1755 866 1840; x_wconf 82' lang='lat' dir='ltr'><strong>edidit,</strong></span> <span class='ocrx_word' id='word_1_110' title='bbox 918 1778 1116 1854; x_wconf 84' lang='lat' dir='ltr'><strong>quae</strong></span> <span class='ocrx_word' id='word_1_111' title='bbox 1160 1775 1312 1822; x_wconf 85' lang='lat' dir='ltr'><strong>non</strong></span> <span class='ocrx_word' id='word_1_112' title='bbox 1366 1753 1877 1850; x_wconf 81' lang='lat' dir='ltr'><strong>reperiuntur.</strong></span> 
     </span>
    </p>
   </div>
   <div class='ocr_carea' id='block_1_6' title="bbox 355 1870 2648 3742">
    <p class='ocr_par' dir='ltr' id='par_1_10' title="bbox 355 1870 2646 3742">
     <span class='ocr_line' id='line_1_19' title="bbox 468 1870 2643 1981; baseline 0 -33"><span class='ocrx_word' id='word_1_113' title='bbox 468 1875 688 1981; x_wconf 89' lang='lat' dir='ltr'><strong>Fuit</strong></span> <span class='ocrx_word' id='word_1_114' title='bbox 739 1874 964 1972; x_wconf 82' lang='lat' dir='ltr'><strong>igitur</strong></span> <span class='ocrx_word' id='word_1_115' title='bbox 1011 1871 1331 1946; x_wconf 88' lang='lat' dir='ltr'><strong>Sabinus</strong></span> <span class='ocrx_word' id='word_1_116' title='bbox 1377 1870 1631 1944; x_wconf 83' lang='lat' dir='ltr'><strong>Ovidii</strong></span> <span class='ocrx_word' id='word_1_117' title='bbox 1695 1875 2023 1974; x_wconf 88' lang='lat' dir='ltr'><strong>aequalis</strong></span> <span class='ocrx_word' id='word_1_118' title='bbox 2072 1889 2148 1949; x_wconf 88' lang='lat' dir='ltr'><strong>et</strong></span> <span class='ocrx_word' id='word_1_119' title='bbox 2211 1879 2439 1979; x_wconf 85' lang='lat' dir='ltr'><strong>parili</strong></span> <span class='ocrx_word' id='word_1_120' title='bbox 2512 1878 2643 1952; x_wconf 81' lang='lat' dir='ltr'><strong>fere</strong></span> 
     </span>
     <span class='ocr_line' id='line_1_20' title="bbox 363 1962 2648 2090; baseline 0 -33"><span class='ocrx_word' id='word_1_121' title='bbox 363 1962 540 2058; x_wconf 79' lang='lat' dir='ltr'><strong>cuin</strong></span> <span class='ocrx_word' id='word_1_122' title='bbox 588 2008 676 2054; x_wconf 90' lang='lat' dir='ltr'><strong>eo</strong></span> <span class='ocrx_word' id='word_1_123' title='bbox 727 1993 983 2071; x_wconf 87' lang='lat' dir='ltr'><strong>aetate,</strong></span> <span class='ocrx_word' id='word_1_124' title='bbox 1037 1979 1120 2054; x_wconf 90' lang='lat' dir='ltr'><strong>id</strong></span> <span class='ocrx_word' id='word_1_125' title='bbox 1171 1980 1383 2083; x_wconf 91' lang='lat' dir='ltr'><strong>quod</strong></span> <span class='ocrx_word' id='word_1_126' title='bbox 1424 2006 1513 2055; x_wconf 89' lang='lat' dir='ltr'><strong>eo</strong></span> <span class='ocrx_word' id='word_1_127' title='bbox 1562 1982 2039 2059; x_wconf 89' lang='lat' dir='ltr'><strong>manifestum</strong></span> <span class='ocrx_word' id='word_1_128' title='bbox 2070 2001 2201 2077; x_wconf 89' lang='lat' dir='ltr'><strong>est,</strong></span> <span class='ocrx_word' id='word_1_129' title='bbox 2232 1989 2453 2090; x_wconf 88' lang='lat' dir='ltr'><strong>quod</strong></span> <span class='ocrx_word' id='word_1_130' title='bbox 2490 1987 2648 2064; x_wconf 74' lang='lat' dir='ltr'><strong>Ovi-</strong></span> 
     </span>
     <span class='ocr_line' id='line_1_21' title="bbox 359 2091 2646 2201; baseline 0 -34"><span class='ocrx_word' id='word_1_131' title='bbox 359 2093 528 2167; x_wconf 91' lang='lat' dir='ltr'><strong>dius</strong></span> <span class='ocrx_word' id='word_1_132' title='bbox 578 2091 947 2192; x_wconf 86' lang='lat' dir='ltr'><strong>Epistolas</strong></span> <span class='ocrx_word' id='word_1_133' title='bbox 996 2117 1184 2182; x_wconf 88' lang='lat' dir='ltr'><strong>suas,</strong></span> <span class='ocrx_word' id='word_1_134' title='bbox 1237 2091 1335 2164; x_wconf 91' lang='lat' dir='ltr'><strong>ad</strong></span> <span class='ocrx_word' id='word_1_135' title='bbox 1387 2116 1569 2193; x_wconf 90' lang='lat' dir='ltr'><strong>quas</strong></span> <span class='ocrx_word' id='word_1_136' title='bbox 1591 2091 1910 2168; x_wconf 88' lang='lat' dir='ltr'><strong>Sabinus</strong></span> <span class='ocrx_word' id='word_1_137' title='bbox 1959 2098 2229 2185; x_wconf 85' lang='lat' dir='ltr'><strong>statim,</strong></span> <span class='ocrx_word' id='word_1_138' title='bbox 2257 2112 2646 2201; x_wconf 84' lang='lat' dir='ltr'><strong>postquam</strong></span> 
     </span>
     <span class='ocr_line' id='line_1_22' title="bbox 357 2201 2647 2302; baseline 0.001 -25"><span class='ocrx_word' id='word_1_139' title='bbox 357 2203 597 2277; x_wconf 85' lang='lat' dir='ltr'><strong>editae</strong></span> <span class='ocrx_word' id='word_1_140' title='bbox 649 2215 860 2275; x_wconf 86' lang='lat' dir='ltr'><strong>erant</strong></span> <span class='ocrx_word' id='word_1_141' title='bbox 910 2205 1193 2298; x_wconf 85' lang='lat' dir='ltr'><strong>(Amor.</strong></span> <span class='ocrx_word' id='word_1_142' title='bbox 1247 2201 1342 2289; x_wconf 92' lang='grc' dir='ltr'><strong>ΙΙ,</strong></span> <span class='ocrx_word' id='word_1_143' title='bbox 1395 2210 1510 2280; x_wconf 81' lang='grc'><strong>18.</strong></span> <span class='ocrx_word' id='word_1_144' title='bbox 1586 2204 1834 2302; x_wconf 83' lang='lat' dir='ltr'><strong>Quam</strong></span> <span class='ocrx_word' id='word_1_145' title='bbox 1881 2209 2066 2278; x_wconf 83' lang='lat' dir='ltr'><strong>cito</strong></span> <span class='ocrx_word' id='word_1_146' title='bbox 2116 2212 2325 2300; x_wconf 83' lang='lat' dir='ltr'><strong>etc.‚)</strong></span> <span class='ocrx_word' id='word_1_147' title='bbox 2395 2208 2647 2282; x_wconf 79' lang='lat' dir='ltr'><strong>rescn&#39;·</strong></span> 
     </span>
     <span class='ocr_line' id='line_1_23' title="bbox 355 2314 2643 2445; baseline 0.001 -57"><span class='ocrx_word' id='word_1_148' title='bbox 355 2317 524 2418; x_wconf 88' lang='lat' dir='ltr'><strong>psit,</strong></span> <span class='ocrx_word' id='word_1_149' title='bbox 574 2316 701 2387; x_wconf 83' lang='lat' dir='ltr'><strong>vix</strong></span> <span class='ocrx_word' id='word_1_150' title='bbox 749 2314 1046 2387; x_wconf 85' lang='lat' dir='ltr'><strong>virilem</strong></span> <span class='ocrx_word' id='word_1_151' title='bbox 1124 2324 1440 2387; x_wconf 83' lang='lat' dir='ltr'><strong>aetatem</strong></span> <span class='ocrx_word' id='word_1_152' title='bbox 1508 2314 1880 2413; x_wconf 85' lang='lat' dir='ltr'><strong>ingressus</strong></span> <span class='ocrx_word' id='word_1_153' title='bbox 1960 2321 2390 2445; x_wconf 88' lang='lat' dir='ltr'><strong>composuit</strong></span> <span class='ocrx_word' id='word_1_154' title='bbox 2472 2317 2643 2418; x_wconf 83' lang='lat' dir='ltr'><strong>(vid</strong></span> 
     </span>
     <span class='ocr_line' id='line_1_24' title="bbox 357 2419 2646 2527; baseline -0.001 -25"><span class='ocrx_word' id='word_1_155' title='bbox 357 2431 696 2502; x_wconf 85' lang='lat' dir='ltr'><strong>Prooem.</strong></span> <span class='ocrx_word' id='word_1_156' title='bbox 752 2423 973 2496; x_wconf 87' lang='lat' dir='ltr'><strong>Ovid.</strong></span> <span class='ocrx_word' id='word_1_157' title='bbox 1020 2419 1325 2496; x_wconf 88' lang='lat' dir='ltr'><strong>Heroid.</strong></span> <span class='ocrx_word' id='word_1_158' title='bbox 1382 2448 1443 2495; x_wconf 90' lang='lat' dir='ltr'><strong>c.</strong></span> <span class='ocrx_word' id='word_1_159' title='bbox 1498 2422 1684 2523; x_wconf 50' lang='lat' dir='ltr'><strong>ly),</strong></span> <span class='ocrx_word' id='word_1_160' title='bbox 1754 2421 2170 2527; x_wconf 87' lang='lat' dir='ltr'><strong>idemque</strong></span> <span class='ocrx_word' id='word_1_161' title='bbox 2152 2456 2509 2504; x_wconf 77' lang='lat' dir='ltr'><strong>iuvenem</strong></span> <span class='ocrx_word' id='word_1_162' title='bbox 2544 2456 2646 2504; x_wconf 85' lang='lat' dir='ltr'><strong>ce·</strong></span> 
     </span>
     <span class='ocr_line' id='line_1_25' title="bbox 364 2531 2643 2629; baseline -0.002 -20"><span class='ocrx_word' id='word_1_163' title='bbox 364 2538 509 2609; x_wconf 81' lang='lat' dir='ltr'><strong>leri</strong></span> <span class='ocrx_word' id='word_1_164' title='bbox 556 2549 793 2607; x_wconf 82' lang='lat' dir='ltr'><strong>morte</strong></span> <span class='ocrx_word' id='word_1_165' title='bbox 844 2537 1091 2629; x_wconf 89' lang='lat' dir='ltr'><strong>(Pont.</strong></span> <span class='ocrx_word' id='word_1_166' title='bbox 1144 2532 1192 2604; x_wconf 90' lang='lat' dir='ltr'><strong>l.</strong></span> <span class='ocrx_word' id='word_1_167' title='bbox 1247 2531 1331 2624; x_wconf 89' lang='lat'><strong>1.)</strong></span> <span class='ocrx_word' id='word_1_168' title='bbox 1387 2559 1427 2603; x_wconf 88' lang='lat' dir='ltr'><strong>e</strong></span> <span class='ocrx_word' id='word_1_169' title='bbox 1475 2533 1627 2605; x_wconf 82' lang='lat' dir='ltr'><strong>vita</strong></span> <span class='ocrx_word' id='word_1_170' title='bbox 1677 2560 1852 2606; x_wconf 89' lang='lat' dir='ltr'><strong>eum</strong></span> <span class='ocrx_word' id='word_1_171' title='bbox 1896 2540 2290 2613; x_wconf 81' lang='lat' dir='ltr'><strong>excessisse</strong></span> <span class='ocrx_word' id='word_1_172' title='bbox 2319 2554 2643 2614; x_wconf 81' lang='lat' dir='ltr'><strong>testatur.</strong></span> 
     </span>
     <span class='ocr_line' id='line_1_26' title="bbox 361 2640 2645 2748; baseline -0 -29"><span class='ocrx_word' id='word_1_173' title='bbox 361 2646 577 2720; x_wconf 82' lang='lat' dir='ltr'><strong>quta</strong></span> <span class='ocrx_word' id='word_1_174' title='bbox 645 2642 900 2716; x_wconf 90' lang='lat' dir='ltr'><strong>locum</strong></span> <span class='ocrx_word' id='word_1_175' title='bbox 965 2641 1183 2714; x_wconf 87' lang='lat' dir='ltr'><strong>illum</strong></span> <span class='ocrx_word' id='word_1_176' title='bbox 1251 2640 1599 2715; x_wconf 88' lang='lat' dir='ltr'><strong>editionis</strong></span> <span class='ocrx_word' id='word_1_177' title='bbox 1665 2645 1988 2718; x_wconf 86' lang='lat' dir='ltr'><strong>Venetae</strong></span> <span class='ocrx_word' id='word_1_178' title='bbox 2066 2674 2109 2719; x_wconf 90' lang='lat' dir='ltr'><strong>e</strong></span> <span class='ocrx_word' id='word_1_179' title='bbox 2173 2674 2451 2748; x_wconf 85' lang='lat' dir='ltr'><strong>genere</strong></span> <span class='ocrx_word' id='word_1_180' title='bbox 2513 2649 2645 2722; x_wconf 84' lang='lat' dir='ltr'><strong>fuit</strong></span> 
     </span>
     <span class='ocr_line' id='line_1_27' title="bbox 364 2751 2644 2855; baseline 0.001 -28"><span class='ocrx_word' id='word_1_181' title='bbox 364 2754 691 2855; x_wconf 89' lang='lat' dir='ltr'><strong>equestri</strong></span> <span class='ocrx_word' id='word_1_182' title='bbox 763 2765 834 2825; x_wconf 90' lang='lat' dir='ltr'><strong>et</strong></span> <span class='ocrx_word' id='word_1_183' title='bbox 900 2777 1354 2852; x_wconf 87' lang='lat' dir='ltr'><strong>praenomen</strong></span> <span class='ocrx_word' id='word_1_184' title='bbox 1422 2751 1685 2825; x_wconf 86' lang='lat' dir='ltr'><strong>habuit</strong></span> <span class='ocrx_word' id='word_1_185' title='bbox 1750 2758 1847 2829; x_wconf 82' lang='lat' dir='ltr'><strong>A.</strong></span> <span class='ocrx_word' id='word_1_186' title='bbox 1950 2757 2240 2830; x_wconf 87' lang='lat' dir='ltr'><strong>Verum</strong></span> <span class='ocrx_word' id='word_1_187' title='bbox 2291 2757 2468 2832; x_wconf 89' lang='lat' dir='ltr'><strong>licet</strong></span> <span class='ocrx_word' id='word_1_188' title='bbox 2520 2760 2644 2830; x_wconf 76' lang='lat' dir='ltr'><strong>isu</strong></span> 
     </span>
     <span class='ocr_line' id='line_1_28' title="bbox 362 2860 2639 2968; baseline 0.001 -31"><span class='ocrx_word' id='word_1_189' title='bbox 362 2865 613 2954; x_wconf 70' lang='lat' dir='ltr'><strong>editio,</strong></span> <span class='ocrx_word' id='word_1_190' title='bbox 668 2862 876 2964; x_wconf 91' lang='lat' dir='ltr'><strong>quod</strong></span> <span class='ocrx_word' id='word_1_191' title='bbox 901 2860 1213 2963; x_wconf 89' lang='lat' dir='ltr'><strong>quidem</strong></span> <span class='ocrx_word' id='word_1_192' title='bbox 1241 2887 1332 2932; x_wconf 82' lang='lat' dir='ltr'><strong>ex</strong></span> <span class='ocrx_word' id='word_1_193' title='bbox 1366 2874 1519 2933; x_wconf 88' lang='lat' dir='ltr'><strong>tota</strong></span> <span class='ocrx_word' id='word_1_194' title='bbox 1550 2863 1835 2935; x_wconf 86' lang='lat' dir='ltr'><strong>ratione</strong></span> <span class='ocrx_word' id='word_1_195' title='bbox 1869 2865 2303 2965; x_wconf 86' lang='lat' dir='ltr'><strong>scripturae,</strong></span> <span class='ocrx_word' id='word_1_196' title='bbox 2351 2867 2639 2968; x_wconf 86' lang='lat' dir='ltr'><strong>qualem</strong></span> 
     </span>
     <span class='ocr_line' id='line_1_29' title="bbox 362 2969 2645 3074; baseline -0.002 -23"><span class='ocrx_word' id='word_1_197' title='bbox 362 2976 632 3052; x_wconf 85' lang='lat' dir='ltr'><strong>harum</strong></span> <span class='ocrx_word' id='word_1_198' title='bbox 679 2972 1190 3072; x_wconf 85' lang='lat' dir='ltr'><strong>Epistolarum</strong></span> <span class='ocrx_word' id='word_1_199' title='bbox 1242 2969 1561 3061; x_wconf 85' lang='lat' dir='ltr'><strong>exhibet,</strong></span> <span class='ocrx_word' id='word_1_200' title='bbox 1615 2972 1931 3046; x_wconf 87' lang='lat' dir='ltr'><strong>iudicari</strong></span> <span class='ocrx_word' id='word_1_201' title='bbox 1983 2988 2244 3074; x_wconf 86' lang='lat' dir='ltr'><strong>potest,</strong></span> <span class='ocrx_word' id='word_1_202' title='bbox 2277 2978 2359 3051; x_wconf 92' lang='lat' dir='ltr'><strong>in</strong></span> <span class='ocrx_word' id='word_1_203' title='bbox 2389 2978 2645 3053; x_wconf 77' lang='lat' dir='ltr'><strong>ceteris</strong></span> 
     </span>
     <span class='ocr_line' id='line_1_30' title="bbox 361 3078 2639 3187; baseline -0.001 -28"><span class='ocrx_word' id='word_1_204' title='bbox 361 3084 686 3160; x_wconf 88' lang='lat' dir='ltr'><strong>fideliter</strong></span> <span class='ocrx_word' id='word_1_205' title='bbox 750 3110 790 3154; x_wconf 89' lang='lat' dir='ltr'><strong>e</strong></span> <span class='ocrx_word' id='word_1_206' title='bbox 858 3080 1116 3156; x_wconf 90' lang='lat' dir='ltr'><strong>codice</strong></span> <span class='ocrx_word' id='word_1_207' title='bbox 1183 3078 1516 3181; x_wconf 88' lang='lat' dir='ltr'><strong>quodam</strong></span> <span class='ocrx_word' id='word_1_208' title='bbox 1591 3108 1820 3155; x_wconf 89' lang='lat' dir='ltr'><strong>manu</strong></span> <span class='ocrx_word' id='word_1_209' title='bbox 1899 3098 2199 3159; x_wconf 84' lang='lat' dir='ltr'><strong>exarato</strong></span> <span class='ocrx_word' id='word_1_210' title='bbox 2279 3087 2639 3187; x_wconf 82' lang='lat' dir='ltr'><strong>descripta</strong></span> 
     </span>
     <span class='ocr_line' id='line_1_31' title="bbox 359 3189 2640 3300; baseline -0.001 -30"><span class='ocrx_word' id='word_1_211' title='bbox 359 3198 492 3288; x_wconf 84' lang='lat' dir='ltr'><strong>sit3</strong></span> <span class='ocrx_word' id='word_1_212' title='bbox 536 3208 784 3269; x_wconf 85' lang='lat' dir='ltr'><strong>tamen</strong></span> <span class='ocrx_word' id='word_1_213' title='bbox 834 3207 1095 3266; x_wconf 88' lang='lat' dir='ltr'><strong>utrum</strong></span> <span class='ocrx_word' id='word_1_214' title='bbox 1144 3189 1287 3263; x_wconf 89' lang='lat' dir='ltr'><strong>hoc</strong></span> <span class='ocrx_word' id='word_1_215' title='bbox 1337 3191 1434 3262; x_wconf 89' lang='lat' dir='ltr'><strong>sit</strong></span> <span class='ocrx_word' id='word_1_216' title='bbox 1484 3193 1994 3267; x_wconf 88' lang='lat' dir='ltr'><strong>testimonium</strong></span> <span class='ocrx_word' id='word_1_217' title='bbox 2041 3194 2136 3269; x_wconf 92' lang='lat' dir='ltr'><strong>ab</strong></span> <span class='ocrx_word' id='word_1_218' title='bbox 2208 3200 2640 3300; x_wconf 68' lang='lat' dir='ltr'><strong>antiquitate</strong></span> 
     </span>
     <span class='ocr_line' id='line_1_32' title="bbox 360 3299 2643 3410; baseline 0.001 -32"><span class='ocrx_word' id='word_1_219' title='bbox 360 3303 744 3392; x_wconf 84' lang='lat' dir='ltr'><strong>traditum,</strong></span> <span class='ocrx_word' id='word_1_220' title='bbox 797 3331 890 3375; x_wconf 91' lang='lat' dir='ltr'><strong>an</strong></span> <span class='ocrx_word' id='word_1_221' title='bbox 941 3329 982 3375; x_wconf 89' lang='lat' dir='ltr'><strong>a</strong></span> <span class='ocrx_word' id='word_1_222' title='bbox 1046 3299 1354 3373; x_wconf 88' lang='lat' dir='ltr'><strong>librario</strong></span> <span class='ocrx_word' id='word_1_223' title='bbox 1422 3300 1542 3373; x_wconf 85' lang='lat' dir='ltr'><strong>vel</strong></span> <span class='ocrx_word' id='word_1_224' title='bbox 1615 3301 1902 3377; x_wconf 87' lang='lat' dir='ltr'><strong>editore</strong></span> <span class='ocrx_word' id='word_1_225' title='bbox 1967 3304 2398 3410; x_wconf 78' lang='lat' dir='ltr'><strong>confictum,</strong></span> <span class='ocrx_word' id='word_1_226' title='bbox 2454 3309 2643 3381; x_wconf 86' lang='lat' dir='ltr'><strong>affir-</strong></span> 
     </span>
     <span class='ocr_line' id='line_1_33' title="bbox 357 3410 2639 3513; baseline 0.004 -28"><span class='ocrx_word' id='word_1_227' title='bbox 357 3414 550 3485; x_wconf 89' lang='lat' dir='ltr'><strong>mari</strong></span> <span class='ocrx_word' id='word_1_228' title='bbox 601 3439 752 3486; x_wconf 91' lang='lat' dir='ltr'><strong>non</strong></span> <span class='ocrx_word' id='word_1_229' title='bbox 802 3424 1062 3513; x_wconf 83' lang='lat' dir='ltr'><strong>potest.</strong></span> <span class='ocrx_word' id='word_1_230' title='bbox 1170 3410 1432 3511; x_wconf 88' lang='lat' dir='ltr'><strong>Neque</strong></span> <span class='ocrx_word' id='word_1_231' title='bbox 1482 3410 1674 3486; x_wconf 91' lang='lat' dir='ltr'><strong>illud</strong></span> <span class='ocrx_word' id='word_1_232' title='bbox 1728 3429 2021 3489; x_wconf 88' lang='lat' dir='ltr'><strong>certum</strong></span> <span class='ocrx_word' id='word_1_233' title='bbox 2069 3430 2200 3505; x_wconf 87' lang='lat' dir='ltr'><strong>est,</strong></span> <span class='ocrx_word' id='word_1_234' title='bbox 2252 3432 2532 3506; x_wconf 86' lang='lat' dir='ltr'><strong>utrum,</strong></span> <span class='ocrx_word' id='word_1_235' title='bbox 2585 3421 2639 3492; x_wconf 82' lang='lat' dir='ltr'><strong>si</strong></span> 
     </span>
     <span class='ocr_line' id='line_1_34' title="bbox 358 3517 2643 3638; baseline 0.003 -43"><span class='ocrx_word' id='word_1_236' title='bbox 358 3548 538 3597; x_wconf 78' lang='lat' dir='ltr'><strong>vere</strong></span> <span class='ocrx_word' id='word_1_237' title='bbox 613 3548 1090 3622; x_wconf 74' lang='lat' dir='ltr'><strong>plaenomen,</strong></span> <span class='ocrx_word' id='word_1_238' title='bbox 1166 3517 1379 3621; x_wconf 92' lang='lat' dir='ltr'><strong>quod</strong></span> <span class='ocrx_word' id='word_1_239' title='bbox 1437 3547 1479 3593; x_wconf 87' lang='lat' dir='ltr'><strong>a</strong></span> <span class='ocrx_word' id='word_1_240' title='bbox 1543 3519 1757 3596; x_wconf 89' lang='lat' dir='ltr'><strong>litera</strong></span> <span class='ocrx_word' id='word_1_241' title='bbox 1818 3529 1900 3600; x_wconf 80' lang='lat' dir='ltr'><em>A</em></span> <span class='ocrx_word' id='word_1_242' title='bbox 1942 3528 2332 3638; x_wconf 87' lang='lat' dir='ltr'><strong>inciperet,</strong></span> <span class='ocrx_word' id='word_1_243' title='bbox 2384 3527 2643 3602; x_wconf 83' lang='lat' dir='ltr'><strong>habuit</strong></span> 
     </span>
     <span class='ocr_line' id='line_1_35' title="bbox 367 3622 2637 3742; baseline 0.003 -37"><span class='ocrx_word' id='word_1_244' title='bbox 367 3637 578 3730; x_wconf 87' lang='lat' dir='ltr'><strong>(nam</strong></span> <span class='ocrx_word' id='word_1_245' title='bbox 654 3631 971 3707; x_wconf 87' lang='lat' dir='ltr'><strong>Ovidius</strong></span> <span class='ocrx_word' id='word_1_246' title='bbox 1053 3656 1231 3706; x_wconf 88' lang='lat' dir='ltr'><strong>eum</strong></span> <span class='ocrx_word' id='word_1_247' title='bbox 1309 3629 1746 3731; x_wconf 88' lang='lat' dir='ltr'><strong>simpliciter</strong></span> <span class='ocrx_word' id='word_1_248' title='bbox 1823 3622 2186 3714; x_wconf 86' lang='lat' dir='ltr'><strong>Sabinum</strong></span> <span class='ocrx_word' id='word_1_249' title='bbox 2266 3638 2637 3742; x_wconf 77' lang='lat' dir='ltr'><strong>appellat),</strong></span> 
     </span>
    </p>
   </div>
   <div class='ocr_carea' id='block_1_7' title="bbox 2665 4186 2666 4672">
    <p class='ocr_par' dir='ltr' id='par_1_11' title="bbox 2665 4186 2666 4672">
     <span class='ocr_line' id='line_1_36' title="bbox 2665 4186 2666 4672; baseline 0 3"><span class='ocrx_word' id='word_1_250' title='bbox 2665 4186 2666 4672; x_wconf 95' lang='lat' dir='ltr'><strong> </strong></span> 
     </span>
    </p>
   </div>
  </div>
 </body>
</html>
