2709 4675
394 206 619 282 SAPPHO
646 206 875 281 PHAONI.
1132 203 1205 276 883

56 354 89 432 8,
110 356 171 434 13,
190 363 386 437 postremam
405 356 439 416 in
460 358 556 420 stacio
577 355 601 430 I,
620 355 652 430 2,
671 353 702 419 7.
724 361 758 414 et
786 352 862 414 alibi
889 351 1066 434 corripere,
1098 347 1203 408 minus

58 461 123 522 iam
145 461 223 522 illud
247 462 364 522 mirum
385 459 544 554 videatur.
565 460 612 522 Ut
632 461 796 521 Tibullum
817 458 1017 540 Propertius,
1049 454 1092 514 ita
1122 453 1205 513 Pro-

55 568 202 651 pertium
224 568 348 651 excepit
369 576 486 628 noster.
510 565 571 626 Hic
593 564 702 647 igitur,
732 564 819 648 quod
848 584 922 626 sane
952 561 1139 639 notandum,
1170 562 1204 620 in

56 672 364 755 Metamorphoseou
386 672 485 747 libris,
499 672 525 732 si
537 671 619 750 VIII,
630 672 680 739 60.
699 688 782 755 puto,
805 680 838 733 et
861 671 987 753 aliquot
1009 669 1086 728 locis
1109 671 1207 732 nescio

54 778 232 861 exceperis,
258 779 376 850 nullius
398 779 491 839 verbi
513 779 606 841 finale
628 803 647 846 o
668 778 839 859 corripuit,
850 776 906 837 sed
919 782 1077 836 servatam
1101 773 1207 833 aVir-

55 887 136 971 gilio
157 885 327 969 antiquum
347 906 481 962 morem,
505 885 537 944 in
561 882 677 945 eodem
700 883 770 943 sere
792 883 942 943 carminis
966 902 1096 967 genere,
1118 877 1207 963 quod

55 1001 97 1054 ut
117 989 237 1076 grande
260 999 332 1052 erat
352 1013 390 1052 ac
409 991 624 1074 magnificum,
647 990 691 1050 ita
712 1010 808 1072 qnam
838 989 970 1049 maxime
999 1009 1016 1047 a
1045 985 1208 1075 communi

54 1118 210 1158 sermone
232 1094 403 1172 diversum,
425 1097 521 1157 etiam
535 1096 595 1157 sibi
609 1093 802 1156 servandum
817 1115 883 1155 esse
901 1094 1031 1154 statuit:
1055 1093 1086 1153 in
1104 1092 1206 1152 Fastis

55 1201 152 1278 adeo,
165 1202 192 1262 si
214 1222 322 1262 rursus
347 1202 508 1284 exceperis
528 1218 599 1285 puto
621 1203 674 1278 III,
694 1197 776 1276 493..
798 1220 954 1283 nusquam
975 1222 993 1260 a
1011 1220 1102 1260 more
1119 1207 1209 1260 vete-

54 1330 133 1371 rum
154 1307 295 1369 recessit.
318 1308 353 1370 Iu
375 1307 443 1368 aliis
465 1328 543 1368 vero
566 1307 694 1368 levioris
717 1306 897 1390 argumenti
918 1306 1045 1387 scriptis
1059 1305 1106 1366 sui
1125 1313 1208 1365 tem·
1250 1367 1252 1373 ,

54 1413 148 1499 poris
169 1433 351 1473 sermonem
371 1433 486 1495 prosae
509 1421 543 1474 et
563 1434 768 1473 communem
791 1413 823 1472 in
854 1412 908 1472 illo
941 1413 1035 1473 litera
1067 1437 1084 1475 ο
1114 1412 1206 1472 linita

53 1517 260 1601 corripiendi
283 1539 373 1578 usum
396 1518 564 1601 aliquoties
588 1519 654 1600 ipse
675 1520 765 1601 sequi
788 1541 852 1579 uon
875 1517 1105 1601 reformidavit.
1127 1519 1210 1579 Fre·

57 1623 216 1708 quentius
242 1630 347 1683 tamen
370 1649 388 1687 ο
410 1624 502 1684 finale
527 1626 688 1707 corripuit
710 1628 741 1684 in
765 1625 870 1684 verbis
897 1623 1067 1706 disyllabis,
1099 1623 1209 1706 priore
1265 1664 1267 1668 ,

52 1734 156 1794 etiam
180 1725 282 1808 brevi,
305 1739 342 1789 ut
364 1738 438 1789 sunt
459 1742 532 1814 puto
554 1732 614 1813 Ep.
637 1734 674 1808 H,
699 1733 780 1809 105,
802 1735 869 1791 Am.
892 1734 915 1807 I,
932 1734 966 1808 Q,
987 1733 1016 1796 5.
1040 1740 1073 1792 et
1092 1733 1209 1816 passim

53 1839 147 1916 alibi,
173 1853 239 1922 peto
266 1835 327 1920 Ep.
358 1839 426 1912 XII,
448 1838 528 1912 197,
550 1838 714 1915 xi'1,35.,
735 1840 771 1898 Λ.
793 1840 830 1899 A.
852 1841 888 1914 II,
912 1842 971 1914 10,
1000 1864 1073 1922 nega
1093 1843 1162 1901 Am.
1184 1842 1208 1916 I,

51 1949 108 2022 10,
136 1942 197 2021 fib,
221 1953 288 2011 volo
315 1947 383 2004 Am·
412 1946 447 2019 II,
476 1944 506 2019 5,
534 1941 593 2019 54,
621 1970 689 2009 amo
710 1946 778 2004 Am.
801 1947 851 2022 ΙΙΙ,
874 1945 924 2021 18,
945 1948 1006 2022 39,
1027 1947 1116 2006 Rem.
1138 1947 1207 2006 Am.

49 2044 140 2126 648,
153 2074 228 2113 cono
255 2071 291 2110 cx
312 2050 347 2110 P.
370 2051 420 2126 lli,
442 2053 473 2126 9,
492 2051 553 2127 35,
572 2057 648 2115 dabo
668 2051 728 2133 Ep.
750 2051 851 2126 XVII,
871 2052 952 2124 960..
974 2077 1024 2115 ero
1045 2050 1141 2110 Trist.
1155 2051 1210 2112 lv.
1310 2093 1315 2098 -

54 2154 113 2216 ΕΙ.
135 2154 191 2216 ult
213 2157 281 2222 130.
304 2155 417 2215 Rarius
440 2157 470 2216 in
493 2156 653 2239 disyllabis
674 2158 784 2239 priore
808 2157 910 2239 longa.
933 2157 990 2216 Est
1007 2164 1114 2217 tamen
1129 2154 1208 2216 illud

52 2288 75 2327 o
101 2271 288 2345 correptum
311 2262 343 2322 in
363 2268 433 2327 tollo
456 2253 523 2322 Ilm.
546 2264 596 2340 III,
616 2264 647 2339 2,
667 2263 729 2339 96,
752 2270 785 2324 et
806 2270 893 2327 credo
913 2284 950 2323 ex
978 2262 1014 2324 P.
1044 2266 1067 2340 I,
1094 2262 1124 2341 7,
1156 2261 1207 2328 56.

52 2370 141 2430 Nam
164 2367 251 2452 quod
273 2389 334 2451 pro
352 2375 552 2455 Qoofugis,o
572 2394 703 2447 remorre,
714 2371 791 2430 Met.
809 2372 858 2445 III,
870 2368 952 2447 487,
969 2370 999 2429 iu
1018 2370 1209 2453 quibusdam

48 2471 153 2534 codd.
177 2482 210 2535 et
231 2473 305 2536 edd.
327 2483 420 2535 vett:
442 2483 508 2561 Quo
518 2481 617 2559 fugis,
638 2503 701 2554 oro,
716 2494 813 2552 mane,
829 2484 937 2551 exstat,
953 2474 985 2536 id
1002 2497 1074 2545 cum
1085 2476 1218 2545 Patruo,

43 2597 113 2642 suo
136 2575 176 2637 ad
198 2599 272 2639 eum
293 2579 313 2638 l.
332 2589 420 2640 recte
442 2580 605 2662 improbat
625 2584 733 2641 Burm.
754 2581 895 2642 Secund.
917 2580 958 2641 ad
978 2581 1104 2659 Loticb.
1125 2584 1163 2642 Τ.
1181 2584 1203 2642 Ι.

42 2710 86 2772 p·
109 2686 180 2753 239·
208 2684 293 2746 Raro
315 2685 412 2747 ctiam
434 2687 466 2747 in
489 2686 658 2769 trisyllabis
687 2713 706 2751 ο
739 2686 834 2748 finale
869 2688 1031 2768 corripuit
1062 2686 1204 2747 Ovidius.

43 2795 194 2856 Praeter
225 2791 312 2874 quod
334 2791 365 2851 h.
388 2793 406 2852 l.
429 2802 477 2853 est
503 2801 642 2876 rependo,
670 2793 835 2875 reperitur
865 2792 943 2852 ilem
970 2793 1063 2854 brevi
1092 2793 1205 2853 ultima

41 2903 157 2964 desino
176 2898 209 2957 in
231 2894 417 2980 prvll'l,
438 2900 519 2976 203,
539 2899 706 2960 manifesta
730 2898 907 2958 imitatione
930 2898 1061 2976 Tibulli,
1083 2909 1117 2960 et
1132 2924 1206 2963 coa-
1297 2924 1300 2933 ·

24 3013 116 3090 sero
139 3022 176 3063 ex
196 3002 232 3063 P.
255 3006 277 3080 I,
299 3005 328 3083 1,
349 3004 401 3069 25.
422 3007 472 3065 De
494 3005 656 3087 sequentis
681 3004 780 3067 seculi
796 3005 901 3087 poetis
919 3004 1049 3065 brevius
1072 3003 1127 3065 bic
1145 3025 1205 3064 no·
1269 3027 1272 3033 ¹

42 3123 138 3172 tasse
160 3106 305 3186 sufficiat,
328 3110 463 3193 Augusti
485 3118 622 3171 aetutem
644 3112 790 3194 proxime
818 3117 944 3171 secutos
974 3110 1106 3170 Heroici
1133 3130 1206 3171 car-

41 3215 152 3281 minis
173 3222 333 3292 auctores,
354 3216 531 3293 Manilium,
553 3216 853 3293 Laoanum,Silium
873 3214 966 3291 adeo,
979 3216 1078 3274 moris
1099 3212 1204 3278 adbuc

42 3334 208 3391 veterum
230 3325 526 3386 observantissimos
549 3325 655 3400 faisse,
677 3302 949 3386 remotioremab
973 3346 1009 3387 ea
1032 3318 1205 3386 ¹Valerium

41 3437 221 3521 Flaccum,
243 3431 385 3516 quamvis
407 3431 502 3491 simili
524 3439 714 3515 argumento
736 3430 895 3508 carminis,
917 3430 978 3492 iarn
1004 3433 1035 3492 in
1057 3434 1204 3515 plurimis

39 3544 96 3607 ab
122 3560 162 3602 eo
186 3539 364 3617 descivisse,
384 3537 524 3598 Statium
546 3544 654 3598 autem
676 3545 710 3597 et
732 3537 880 3620 aequales
902 3558 962 3620 pro
982 3538 1088 3600 lubitu
1109 3540 1204 3602 finale

40 3645 272 3713 verboruma
293 3652 483 3726 correptum
503 3644 657 3726 posuisse.
682 3644 773 3720 Quae
795 3663 873 3704 vero
895 3643 1113 3724 posteriorum
1126 3666 1206 3706 con·

38 3750 197 3822 suetudo
218 3750 329 3827 fuerit,
350 3751 401 3811 vel
423 3771 459 3811 ex
482 3771 547 3811 uno
569 3733 632 3810 hoc
653 3757 809 3832 appareat
830 3748 943 3808 Avieni
964 3770 1057 3810 versa
1074 3750 1204 3812 Antbol.

35 3868 129 3930 Lat.
151 3859 222 3921 Lib.
245 3860 295 3918 III.
315 3857 471 3941 Ep.1.ix.
487 3857 579 3918 Tom.
595 3857 617 3916 I.
629 3877 662 3938 p.
676 3853 765 3922 497st
781 3860 1018 3939 Prandeo,poto,
1029 3861 1206 3934 conmissae,

35 3985 134 4049 lavo,
154 3980 255 4045 coeno,
276 3971 399 4050 quiesco.
419 3969 513 4030 rausi.
535 3961 608 4023 vid.
624 3960 711 4022 Iahn.
730 3958 770 4021 ad
784 3963 860 4021 Met.
873 3960 955 4038 VIII,
969 3961 1018 4028 θα
1034 3962 1205 4046 Disyllabis

32 4080 170 4173 priore
196 4076 290 4159 longa
310 4070 412 4133 adde:
433 4076 512 4135 addo
533 4068 634 4150 Epist.
655 4067 709 4142 VI,
727 4067 787 4143 73..
810 4077 845 4129 et
863 4070 947 4130 conf.
965 4068 1006 4130 de
1022 4069 1136 4130 eodem
1153 4090 1206 4129 ar-

33 4186 213 4281 g‘umeuto
226 4179 435 4242 disserentem
448 4172 824 4237 HermannumodPlaut.
837 4176 1206 4260 Trinum.pracf.p.XV.

438 4319 819 4348 mmmm
