2709 4675
1081 197 1185 263 xxm
1243 274 1246 280 ¹

73 391 192 501 nina,
235 392 301 480 ita
335 410 382 479 et
413 386 502 478 hae
518 385 748 512 Epistolae
783 383 1045 482 Heroidum
1065 388 1186 478 mire

70 562 303 659 perspersae
324 550 465 649 atque
488 526 733 617 distinctae
754 548 879 636 sunt,
912 527 1073 618 eodem
1094 527 1186 619 fere

69 673 187 762 modo
223 701 334 800 sum
368 688 579 775 versatus,
603 697 744 823 quem
780 666 830 755 in
867 665 1074 757 editione
1103 699 1186 758 sua
1296 716 1299 720 <

69 777 483 933 Metamorphoseon
522 804 678 896 tenuit
712 802 770 897 G
788 804 838 894 E
854 799 1027 932 Gierig‚
1052 806 1187 900 cuius

69 949 189 1041 etiam
228 979 366 1073 opera
400 968 446 1036 et
479 943 609 1070 copia
647 945 699 1034 in
736 945 822 1034 hac
856 968 985 1070 parte
1018 978 1186 1072 magno

68 1088 171 1181 mihi
207 1085 486 1210 adiumento
523 1083 639 1198 luit:
677 1106 732 1175 ut
765 1084 979 1208 primum
1011 1084 1188 1188 fabulas

67 1224 250 1318 breviter
281 1255 555 1335 enarrarem,
591 1245 697 1314 tum
731 1223 1040 1345 antiquorum
1083 1227 1189 1317 scri-

67 1389 244 1490 ptorum
267 1366 418 1456 fontes
443 1385 489 1454 et
511 1359 791 1474 testimonia,
809 1394 939 1489 saepe
953 1363 1095 1456 etiam
1113 1399 1191 1458 cu-

68 1539 121 1599 ras
135 1506 447 1598 recentiorum
464 1502 773 1627 interpretum
791 1503 1015 1594 referrem.
1030 1501 1189 1616 Quam

66 1648 248 1766 quidem
273 1643 504 1736 rationem
526 1664 667 1733 erunt
693 1644 886 1754 sortasse,
906 1642 989 1765 qui
1018 1628 1213 1770 impro'

66 1783 257 1876 bandam
281 1770 338 1874 aov
355 1780 713 1906 vituperandam
744 1804 925 1907 putent,
957 1784 994 1873 si
1029 1805 1100 1875 tot
1130 1786 1190 1875 fa·

29 1991 31 1994 -
64 1921 186 2016 bulas
207 1919 449 2045 adscriptis
477 1920 708 2013 veteribus
731 1922 999 2026 auctoribus
1028 1922 1079 2013 in
1104 1923 1191 2014 hac

68 2065 263 2156 editione
309 2060 531 2185 expositas
572 2053 815 2151 invenient
825 2099 836 2168 3
871 2092 1024 2181 quum
1067 2096 1191 2188 prae·

68 2204 217 2295 sertim
239 2202 423 2293 eaedem
451 2200 500 2289 in
526 2199 841 2324 singularibus
862 2199 1012 2314 tibris,
1039 2201 1192 2324 qualis

70 2333 163 2435 csta
179 2337 534 2434 DornSeiffeno
559 2373 710 2465 nuper
727 2341 911 2431 editum
930 2341 1193 2437 Onomastz'·

68 2516 146 2574 con
161 2483 401 2614 poeticum
435 2483 649 2612 inprimis
679 2474 882 2610 Virgiht‘,
909 2481 1108 2573 Horatii
1133 2515 1193 2576 ac

73 2618 227 2734 Ovidii,
249 2621 358 2712 satis
383 2620 505 2729 bene
527 2619 773 2746 explicatae
797 2617 1020 2745 legantur.
1050 2621 1193 2745 Equi·

70 2760 177 2874 dem,
195 2760 316 2883 'quid
344 2758 428 2852 ista
457 2760 575 2855 ratio
596 2756 865 2863 offensionis
897 2759 1073 2873 haheat,
1093 2793 1190 2853 non

71 2900 243 3025 ignoro:
259 2901 396 3021 quod
427 2900 496 3025 ita.
518 2899 627 2990 libri
651 2898 795 2990 moles
821 2922 961 3021 atque
986 2902 1193 3025 pretium

68 3041 160 3131 sine
194 3041 377 3132 idoneis
414 3037 579 3130 caussis
612 3062 805 3129 auctum
840 3072 930 3129 esse
969 3040 1192 3134 videatur.

70 3176 148 3271 Sed
170 3179 320 3271 habco
347 3202 519 3292 tamen,
546 3211 641 3300 quo
662 3212 763 3268 eam
784 3178 943 3300 aliquo
962 3181 1103 3271 modo
1120 3182 1194 3272 de·

72 3316 258 3431 tendere,
290 3341 375 3410 aut
402 3340 522 3409 oerte
555 3350 765 3410 excusare
799 3319 984 3444 possim.
1019 3320 1194 3411 Videli-
1234 3372 1236 3377 ,

71 3475 256 3550 oet'non
275 3459 433 3584 paucis
460 3459 511 3551 in
539 3457 656 3551 locis.
681 3458 909 3550 Ovidium
929 3481 1116 3549 constat
1141 3458 1195 3549 li-

71 3592 233 3690 beruto
252 3631 394 3690 usum
413 3620 656 3723 poetarum
683 3632 708 3687 a
733 3598 894 3704 veteris
912 3596 1095 3688 fabulae
1116 3631 1195 3690 au·

73 3738 272 3831 ctoritate
309 3738 566 3831 discessisse
608 3739 662 3829 ln
702 3736 919 3829 talibus
907 3737 1050 3863 igitur
1083 3736 1196 3831 locis

73 3856 362 3975 nonarum
378 3878 605 3969 rationem
651 3908 905 3999 earumque
947 3879 1109 3991 sontes,
1154 3879 1192 3970 si

73 4008 328 4144 interpretis
355 4049 552 4109 munere
579 4016 698 4108 bene
728 4017 917 4143 defungi
938 4017 1174 4132 vellem,
1139 4050 1196 4108 s1·

72 4147 212 4251 lentio
235 4157 598 4285 praetermittere
629 4189 727 4250 non
757 4155 935 4248 licebat.
961 4156 1055 4249 Alii
1079 4180 1194 4250 sunt
