2709 4675
97 0 610 141 Exemplffque
658 41 886 141 patris
935 41 1282 140 periurus
1333 37 1548 112 dicor
1596 52 1671 111 et
1723 41 1900 140 ipse,

186 150 337 223 Nec
388 152 682 249 quaeris
731 173 1003 239 causas,
1056 148 1341 222 Sithoni
1396 147 1608 237 dura,
1656 174 1956 242 morae3

91 259 241 333 Nec
289 263 460 334 satis
508 260 752 361 ampla
799 273 1014 360 putas
1063 258 1384 333 redituri
1435 260 1767 359 pignora,
1818 258 1877 331 si
1930 284 2049 353 me

2272 268 2364 338 55

179 370 343 444 Non
394 397 603 445 amor
650 370 974 459 alterius,
1027 394 1179 443 non
1229 394 1439 442 amor
1488 368 1689 442 ullus
1739 367 1979 442 habet.

91 475 406 552 Nullane
454 469 650 553 fama
697 481 830 553 tibi
881 478 1237 568 turbatoS‚
1282 478 1552 578 Phylli,
1603 493 1908 580 penates

180 587 505 663 Theseos
555 603 627 663 et
676 590 984 670 miserae
1035 589 1293 664 retulit
1338 601 1500 690 aeta
1551 586 1866 667 domus?

89 698 243 771 Non
295 698 606 799 laqueos>
647 698 861 773 audis
912 725 1123 773 carae
1171 724 1290 772 me
1332 698 1517 773 flere
1563 690 1946 800 parentis?

172 809 532 883 Flebilior
584 810 887 909 laqueis,
940 809 1085 882 heu
1136 806 1345 896 mihi,
1398 833 1620 882 eausa
1670 806 1958 881 subest!

2261 817 2352 886 60

89 918 241 991 Non
292 920 600 993 fratrem
651 917 1198 1018 Hippolytum?
1247 917 1523 1004 cecidit
1571 915 2015 1007 miserabilis
2071 917 2196 990 ille

169 1032 527 1129 Praeceps
575 1029 900 1123 attonitis
949 1053 1086 1128 per
1129 1025 1321 1099 freta
1372 1040 1626 1129 raptus
1678 1028 1909 1128 equis.

89 1135 238 1209 Non
289 1151 536 1210 tamen
589 1161 862 1211 excuso
910 1135 1220 1225 reditus,
1271 1136 1455 1210 licet
1497 1135 1835 1237 undique
1884 1135 2038 1212 fata
2091 1192 2115 1214 .

172 1246 672 1346 Accumulent
721 1270 1023 1319 causas:
1078 1258 1417 1347 tempora
1464 1273 1689 1347 parva
1737 1260 1930 1347 peto.

89 1437 253 1518 chus,
291 1439 528 1501 dilecta
579 1440 711 1500 eius
758 1439 1049 1524 coniuge,
1090 1440 1170 1501 il-

1249 1463 1396 1503 eum
1440 1442 1756 1505 intellexit
1784 1443 2036 1504 Burin:
2099 1442 2344 1503 Fabula

89 1519 209 1581 lum
253 1521 432 1582 iussit
489 1520 606 1582 sibi
663 1519 856 1600 (deo)
913 1520 1170 1598 cedere,
1248 1532 1402 1584 nota
1444 1531 1556 1584 est.
1610 1525 1765 1585 Nam
1811 1545 2012 1606 quum
2047 1520 2346 1586 Phaedra

89 1608 147 1660 at
197 1602 320 1677 ille,
380 1601 489 1684 qui
551 1604 755 1677 cessit,
810 1622 1170 1680 concessae,

90 1679 371 1744 desertae
419 1683 664 1744 crimen
708 1682 943 1744 subit.“
1005 1684 1169 1749 Ven.

89 1757 282 1829 1492:
325 1771 580 1830 credere.

163 1862 256 1926 52.
280 1864 558 1926 Desertae
578 1865 798 1924 crimen
830 1875 893 1924 at
913 1864 1018 1924 ille
1039 1867 1175 1925 sub-

89 1945 145 2004 it.
185 1942 324 2003 Vid.
369 1943 489 2000 Ov.
517 1942 716 2022 Epist.
748 1943 821 2018 Il,
856 1941 954 2006 76.
988 1941 1172 2002 Conf.

93 2031 219 2082 not.
258 2023 336 2083 ad
383 2023 587 2102 Epist.
628 2024 706 2083 X.

150 2103 247 2170 55.
317 2110 612 2180 Raditur-t,
669 2125 770 2165 me
813 2103 1175 2166 rediturum

89 2200 228 2244 esse.

157 2266 252 2329 59.
295 2272 560 2350 Laqueus
584 2291 772 2332 carae.
799 2263 964 2327 Edd.
982 2273 1136 2328 vett.
1158 2290 1171 2324 ε

89 2353 215 2410 cari.
272 2345 371 2410 De
418 2349 658 2428 laqueis
723 2350 958 2410 Thesei
1017 2347 1175 2408 nihil

89 2426 232 2499 mihi
274 2430 546 2499 lectum;
593 2438 656 2490 et
698 2428 778 2491 de
838 2439 1049 2511 patre,
1104 2438 1177 2490 ut

93 2507 290 2571 adhuc
335 2512 506 2586 vivo,
548 2510 658 2570 sed
704 2512 914 2572 exsule
971 2512 1175 2593 regni,

91 2610 221 2650 mox
266 2593 599 2653 locuturus
644 2602 755 2653 est.
824 2594 1040 2670 Quare
1082 2593 1177 2653 le-

91 2671 390 2749 gendum:
424 2698 606 2738 carae
621 2686 870 2758 mestere
899 2679 1177 2758 parentis,

93 2757 148 2808 et
187 2752 270 2812 ita
314 2756 473 2814 citat
519 2754 687 2815 hunc
732 2760 940 2816 locum
961 2760 1176 2818 Meur-
1222 2801 1225 2809 .

93 2830 200 2891 sius
243 2834 304 2893 in
350 2835 606 2895 Theseo
650 2858 704 2897 c.
735 2838 1176 2910 3O.,utPi1ae·-

93 2910 254 2974 tlram
320 2915 655 2998 intelligat,
727 2939 890 2999 quae
950 2920 1176 3001 laqueo

95 2992 268 3056 vitam
298 2997 524 3057 finivit.
545 2996 668 3057 Sed
699 3021 774 3058 an
814 3008 991 3060 recte
1017 3021 1179 3059 unus

95 3071 374 3158 idemque
461 3079 891 3160 Demophoon
961 3079 1177 3141 doleat

96 3151 415 3244 Hippolyti
461 3182 675 3221 casum
727 3169 791 3222 et
848 3171 1173 3223 maternae

97 3242 296 3300 mortis
341 3242 690 3317 infamiam,
733 3241 972 3303 viderit
997 3243 1180 3302 Sabi-

97 3336 231 3390 nus;
270 3322 391 3382 nisi
435 3345 561 3405 per
602 3324 705 3383 illa
731 3324 956 3384 verba:
987 3330 1182 3390 Flebi-

97 3401 192 3463 lae‘or·
232 3408 452 3486 laqueis
494 3411 612 3470 heu
653 3411 801 3470 mihi
836 3430 1016 3471 causa
1043 3413 1182 3471 sub·

99 3495 183 3556 ase,
242 3479 524 3561 indicet,
612 3487 832 3547 matris
913 3489 1182 3548 crimina

100 3577 358 3654 :passam
413 3588 549 3629 esse
623 3568 975 3629 tristiorem
1046 3570 1182 3653 ipsa

103 3659 211 3705 nus
257 3658 485 3712 morte.
558 3656 765 3717 Βυιιν.
839 3651 1038 3712 Recte
1084 3654 1182 3711 lo-

1217 1765 1422 1850 'apud
1463 1775 1714 1849 patrem
1756 1765 2013 1844 detulit,
2046 1776 2151 1828 tan

1245 1605 1611 1746 privignum
1651 1613 1918 1682 amaret,
1973 1626 2184 1688 neque
2241 1605 2348 1664 ille

1298 1686 1437 1747 uius
1510 1686 1714 1746 amori
1797 1686 2070 1769 obsequi
2128 1684 2346 1759 vellet,

1251 1858 1544 1930 stuprum
1586 1848 1705 1909 sibi
1749 1869 1873 1931 per
1929 1850 2059 1915 vim
2102 1787 2351 1909 in‘lelgss

1252 1930 1570 1991 voluisset.
1651 1929 1941 1992 Theseus
1995 1952 2067 1992 re
2133 1928 2350 1991 audita

1256 2011 1503 2091 optavit
1557 2033 1592 2070 a
1653 2012 1957 2092 Neptuno
2027 2011 2159 2071 filio
2232 2030 2347 2070 suo

1258 2092 1513 2153 exitum.
1559 2094 1782 2187 ltaque
1824 2114 1974 2152 cum
2035 2090 2354 2175 Hippoly-

1256 2181 1355 2233 tus
1412 2172 1589 2253 equis
1669 2175 1904 2234 iunctis
1975 2171 2347 2247 veheretur,

1256 2262 1530 2334 repente
1573 2274 1607 2313 e
1653 2253 1817 2315 mari.
1858 2261 2211 2314 monstrum
2238 2273 2353 2334 up-

1255 2334 1494 2418 paruit,
1551 2356 1678 2416 quo
1735 2335 2029 2397 exterriti
2089 2338 2353 2416 (attoniti

1255 2440 1312 2478 v.
1353 2417 1489 2489 62.)
1553 2416 1702 2498 equi
1760 2416 2180 2500 Hippolytum
2224 2415 2354 2476 ‹lis-

1261 2506 1606 2559 traxerunt
1649 2497 1927 2579 =vitaque
1984 2498 2343 2579 privarunt.

1255 2586 1413 2644 Hinc
1476 2584 1733 2663 flebilior
1806 2585 2025 2663 laqueis
2103 2601 2352 2643 causa.

1253 2661 1551 2723 Phaedra
1592 2667 1661 2721 'se
1693 2662 1826 2741 ipsa
1853 2659 2195 2743 suspendio
2238 2682 2355 2720 ne-

1261 2743 1447 2804 cavit.
1493 2743 1651 2824 Hyg.
1696 2742 1767 2802 F.
1808 2739 1931 2816 47„
1974 2739 2354 2822 Euripid.et

1259 2831 1482 2888 Senec.
1521 2823 1805 2905 Hippol„
1836 2823 1956 2883 Vir
1998 2867 2012 2881 .
2042 2825 2198 2883 Aen.
2219 2822 2355 2895 Vll,

1260 2907 1399 2971 761.
1432 2906 1729 2987 sqq.,Ov.
1769 2907 1937 2968 Fast.
2006 2906 2078 2980 ll,
2111 2903 2251 2970 265-
2287 2909 2356 2964 et

1262 2986 1367 3059 VI,
1413 2988 1570 3062 737„
1617 2987 1747 3047 Cic.
1795 2984 1874 3047 de
1915 2990 2057 3050 Nat.
2112 2987 2192 3044 D.
2255 2986 2356 3045 111.

1263 3089 1316 3129 c.
1357 3070 1475 3144 31„
1498 3068 1577 3129 de
1625 3067 1890 3128 Offic.·1.
1932 3088 1988 3128 c.
2032 3070 2128 3133 10.
2171 3068 2355 3127 et111.

1263 3170 1318 3209 c.
1361 3151 1457 3215 25.
1504 3149 1727 3231 ibique
1773 3150 2004 3223 Beier.,
2040 3148 2355 3209 Meziriac.
2398 3162 2420 3169 ·

1262 3231 1301 3290 l.
1349 3230 1387 3290 l.
1433 3232 1505 3291 T.
1549 3234 1595 3290 1.
1637 3253 1701 3313 p.
1746 3231 1885 3296 317.
1932 3237 1998 3291 et
2034 3230 2176 3297 323.

1346 3325 1450 3391 63.
1463 3332 1601 3391 Non
1647 3342 1845 3391 tamen
1881 3349 2093 3391 excuso
2123 3330 2364 3402 reditus,

1269 3428 1423 3488 pro:
1470 3409 1608 3467 Non
1665 3418 1883 3468 tamen
1942 3407 2054 3467 has
2110 3428 2371 3468 excusa-

1269 3489 1479 3548 tiones
1524 3487 1770 3565 adsero,
1817 3509 1897 3548 ne
1934 3486 2213 3552 redeam.
2260 3488 2362 3548 Si-

1266 3569 1512 3630 militer
1565 3569 1755 3651 plane
1826 3570 2084 3632 Tacitus
2140 3568 2368 3631 Annal.

1263 3652 1307 3711 1·
1385 3670 1438 3710 c·
1480 3647 1612 3718 44:
1678 3657 1954 3718 Raditum
2016 3655 2369 3737 Agrippinae
