2709 4675
72 45 277 119 liam
328 43 612 117 inventi
650 0 927 117 huius
940 0 1367 118 debeamus.
1464 45 1825 146 Suspicor
1873 58 2127 118 tamen
2177 43 2383 120 idem

71 151 486 264 exemplar,
540 153 750 255 quod
779 151 1181 254 Cydippes,
1233 180 1320 228 ac
1349 153 1690 255 Sapphus
1734 154 2147 255 Epistolam
2194 156 2381 229 inte-

65 289 286 361 gram
333 262 553 336 nobis
602 265 941 356 servavit,
967 276 1043 336 et
1084 263 1374 338 Paridis
1399 267 1833 355 auctiorem,
1868 264 2126 337 usibus
2155 265 2381 339 etiam

63 372 189 445 his
241 370 564 473 publicis
614 373 1095 448 consuluisse.
1149 373 1588 447 Eustathius
1617 372 2373 475 quidem-Swarthius

65 483 156 556 in
208 481 585 559 Analectis
637 484 694 555 1.
750 509 813 557 c.
853 490 933 562 2.-
954 483 1337 584 exemplar
1371 484 1658 558 calamo
1690 478 2160 583 descriptum
2194 483 2374 585 Epi-

62 591 439 666 stolarum
488 593 742 666 Sabini
788 591 885 666 ad
933 606 1180 691 partes
1228 592 1618 669 interdum
1665 607 1903 682 vocat,
1973 594 2185 696 quod
2236 596 2377 669 Ca-⁴

61 702 313 802 sparis
386 702 672 776 Barthii
743 701 994 792 fuerit,
1071 702 1563 805 eiusdemque
1640 704 1795 804 ipse
1862 700 2211 778 Barthius
2286 705 2366 777 in

59 809 552 918 Adversariisx
599 810 921 886 subinde
983 814 1460 888 mentionem·
1503 813 1703 888 facit.
1792 812 1957 887 ‘Sed
2043 840 2223 900 cum
2293 827 2370 886 et

59 919 280 992 hunc
329 934 403 993 et
453 920 692 1012 illum,
727 922 915 996 dum
966 923 1044 996 in
1092 924 1276 997 vivis
1326 936 1590 1013 essent,
1644 950 1782 1025 per
1828 923 2104 996 amicos
2153 931 2362 1021 rogass

60 1030 244 1117 rim,
308 1043 393 1101 ut
444 1056 666 1104 usum
714 1032 923 1105 istius
969 1030 1142 1104 libri
1206 1030 1393 1105 mibi
1466 1045 1947 1132 praestarent,
2015 1043 2093 1103 et
2174 1031 2364 1106 alter

59 1166 193 1212 me
245 1137 341 1213 ad
389 1139 710 1214 alterum
761 1140 1138 1242 ablegarit,
1192 1140 1413 1216 facile
1465 1141 1820 1231 intellexi,
1853 1166 2124 1233 yanam
2173 1170 2214 1214 a
2239 1169 2385 1216 me,

59 1275 279 1351 spem
354 1247 618 1324 foveri.
701 1250 855 1325 Nec
919 1253 1107 1325 tanti
1176 1276 1354 1325 sane
1424 1263 1620 1341 sunt,
1688 1277 1881 1355 quae
1949 1277 2042 1325 ex
2092 1251 2246 1343 illo,
2296 1254 2359 1327 si

59 1359 215 1434 diis
264 1357 528 1459 placet,
580 1374 872 1434 vetusto
923 1360 1184 1435 codice
1233 1360 1329 1434 ab
1381 1361 1467 1435 iis
1516 1373 1993 1462 promuntur,
2058 1375 2147 1435 ut
2193 1361 2361 1436 sali-

59 1495 235 1543 vam
282 1469 501 1543 nobis
531 1468 626 1544 de
662 1472 821 1572 ipso
857 1471 1051 1545 libro
1098 1469 1514 1549 evolvendo
1546 1471 1869 1552 excitare
1902 1468 2360 1544 debeant.““

59 1623 154 1642 -
200 1577 480 1652 Contra
529 1578 657 1653 has
707 1581 1068 1656 Virorum
1115 1574 1539 1666 Doctoru‘m
1586 1577 2090 1655 dubitationes
2138 1580 2357 1655 facile

62 1687 404 1789 proferri
475 1704 775 1792 possent
851 1689 1196 1780 aliorum,
1260 1703 1345 1763 ut
1421 1688 1799 1791 Scaliger-i,
1883 1691 1973 1764 N.
2046 1690 2357 1781 Heinsii,

60 1799 378 1900 Cuperi,
430 1794 857 1889 sententiae,
912 1799 1210 1902 quibus,
1263 1798 1404 1872 s'ibi
1472 1799 1601 1873 has
1667 1800 2045 1898 Epistolas·
2103 1801 2362 1901 genui-

59 1933 194 1984 nas
248 1934 406 1982 esse
454 1907 717 1999 videri,
770 1909 1080 2010 professi
1131 1923 1326 1983 sunt.
1377 1908 1529 1989 Sed
1567 1908 1711 1984 hoc
1760 1907 1990 1984 modo
2040 1935 2160 1983 res
2203 1936 2360 1984 non

59 2021 158 2096 ad
207 2018 596 2120 liquidum
643 2019 1111 2120 perducitur,
1165 2032 1239 2092 et
1296 2021 1569 2119 potius,
1646 2018 1838 2120 quid
1901 2032 2166 2093 contra
2233 2020 2363 2094 illa

60 2141 512 2232 argumenta
560 2126 709 2202 dici
760 2130 1008 2230 possit,
1060 2127 1479 2202 videndum
1529 2142 1656 2202 est.
1752 2127 2115 2201 Sabinum
2180 2130 2361 2227 Epi-

59 2239 286 2316 stolas
321 2239 823 2340 responsorias
873 2240 1246 2341 scripsisse
1300 2253 1595 2312 certum
1646 2249 1773 2330 est,
1814 2249 1889 2310 et
1938 2263 2031 2310 ex
2084 2237 2354 2329 tribus,

59 2378 260 2454 quae
309 2347 453 2423 sub
506 2350 665 2422 eius
714 2351 1017 2422 nomine
1069 2360 1494 2452 supersunt,
1549 2347 1744 2422 duae
1792 2346 2084 2473 priores
2130 2348 2355 2421 etiam

59 2459 285 2535 titulo
350 2482 531 2531 cum
597 2460 707 2547 iis,
783 2484 1108 2559 quarum
1154 2457 1497 2533 Ovidius
1575 2458 2108 2545 commeminit,
2179 2482 2357 2531 eon-

59 2571 425 2646 sentiunt.
531 2568 776 2668 Atque
863 2594 1326 2669 quamquam
1392 2565 1779 2668 codicibus
1845 2591 2012 2639 mss.
2088 2564 2359 2640 harum

59 2679 576 2781 Epistolarum
624 2691 887 2752 auctor
934 2677 1235 2778 probari
1276 2677 1591 2803 nequit,
1644 2677 1724 2748 in
1775 2674 2100 2750 editione
2153 2677 2361 2776 p1in-

59 2792 236 2889 cipe
291 2803 544 2861 tamen
594 2788 735 2861 sub
788 2787 1040 2861 Sabini
1091 2788 1394 2860 nomine
1461 2787 1839 2887 leguntur.
1934 2787 2195 2889 Neque
2262 2788 2357 2861 ab

59 2900 190 2971 illo
252 2897 543 2971 editore
596 2897 778 2971 haec
830 2899 1158 2971 carmina
1207 2894 1381 2970 ficta
1432 2924 1585 2971 esse
1635 2895 2009 2970 videntur.
2078 2900 2361 2995 Partim

59 3009 267 3082 enim
335 3004 665 3109 fingendi
731 3006 940 3080 nulla
1009 3031 1264 3079 caussa
1331 3004 1499 3094 fuit,
1571 3006 1910 3108 inprimis
1975 3031 2152 3079 cum
2226 3008 2359 3081 illo

59 3132 405 3217 tempore
481 3119 627 3189 iam
703 3115 1119 3189 invaluerat
1195 3115 1581 3205 sententia,
1652 3141 1692 3189 e
1758 3141 1887 3188 sex
1965 3120 2360 3216 postremis

59 3225 322 3301 Ovidii
373 3220 728 3327 Epistolis
779 3224 1178 3299 nonnullas
1229 3252 1270 3296 a
1318 3223 1596 3298 Sabino
1661 3226 2104 3326 compositas
2166 3253 2359 3323 esse3
2431 3305 2439 3310 ,

59 3338 347 3438 partim
398 3338 599 3437 ipsae
651 3335 1025 3437 Epistolae
1077 3333 1424 3407 meliores
1467 3348 1540 3407 et
1603 3335 2093 3435 elegantiores
2159 3351 2358 3425 sunt,

59 3473 305 3548 quam
361 3471 554 3547 quae
605 3443 902 3518 saeculo
951 3443 1118 3517 XV.
1172 3471 1244 3545 p.
1300 3443 1386 3517 C.
1439 3471 1514 3516 n.
1581 3470 1625 3516 a
1690 3469 2077 3545 quoquam
2135 3446 2361 3519 scribi

59 3557 508 3656 potuerint.
555 3554 815 3655 Neque
868 3555 1227 3654 impostor
1277 3553 1427 3639 ille,
1481 3553 1542 3625 si
1612 3556 2014 3655 quisquam
2075 3556 2358 3642 fuisset,

59 3665 237 3740 alias
271 3663 664 3765 Epistolas,
694 3689 924 3762 quam
955 3687 1145 3761 quae
1172 3661 1264 3735 ab
1301 3655 1595 3736 ovidio
1647 3676 2094 3737 memoratae
2124 3676 2353 3749 er,ant
