<?xml version="1.0" encoding="UTF-8"?>
<!DOCTYPE html PUBLIC "-//W3C//DTD XHTML 1.0 Transitional//EN"
    "http://www.w3.org/TR/xhtml1/DTD/xhtml1-transitional.dtd">
<html xmlns="http://www.w3.org/1999/xhtml" xml:lang="en" lang="en">
 <head>
  <title>
</title>
<meta http-equiv="Content-Type" content="text/html;charset=utf-8" />
  <meta name='ocr-system' content='tesseract 3.04.00' />
  <meta name='ocr-capabilities' content='ocr_page ocr_carea ocr_par ocr_line ocrx_word'/>
</head>
<body>
  <div class='ocr_page' id='page_1' title='image "./povidiinasonish00ovidgoog_0041.png"; bbox 0 0 2709 4675; ppageno 0'>
   <div class='ocr_carea' id='block_1_1' title="bbox 171 249 940 317">
    <p class='ocr_par' dir='ltr' id='par_1_1' title="bbox 171 249 940 317">
     <span class='ocr_line' id='line_1_1' title="bbox 171 249 940 317; baseline 0.003 -4"><span class='ocrx_word' id='word_1_1' title='bbox 171 249 232 313; x_wconf 60' lang='lat'><strong>112</strong></span> <span class='ocrx_word' id='word_1_2' title='bbox 511 251 940 317; x_wconf 80' lang='lat' dir='ltr'>PROOEMIUM.</span> 
     </span>
    </p>
   </div>
   <div class='ocr_carea' id='block_1_2' title="bbox 96 381 1315 595">
    <p class='ocr_par' dir='ltr' id='par_1_2' title="bbox 96 381 1315 595">
     <span class='ocr_line' id='line_1_2' title="bbox 174 381 1313 483; baseline -0.004 -23"><span class='ocrx_word' id='word_1_3' title='bbox 174 405 259 460; x_wconf 69' lang='lat' dir='ltr'><strong>rere</strong></span> <span class='ocrx_word' id='word_1_4' title='bbox 272 404 481 482; x_wconf 83' lang='lat' dir='ltr'><strong>possumus,</strong></span> <span class='ocrx_word' id='word_1_5' title='bbox 506 407 578 456; x_wconf 89' lang='lat' dir='ltr'><strong>nec</strong></span> <span class='ocrx_word' id='word_1_6' title='bbox 599 381 743 456; x_wconf 86' lang='lat' dir='ltr'><strong>Paridis</strong></span> <span class='ocrx_word' id='word_1_7' title='bbox 764 381 814 457; x_wconf 88' lang='lat' dir='ltr'><strong>ad</strong></span> <span class='ocrx_word' id='word_1_8' title='bbox 829 382 1010 457; x_wconf 84' lang='lat' dir='ltr'><strong>Helenam</strong></span> <span class='ocrx_word' id='word_1_9' title='bbox 1029 411 1051 456; x_wconf 90' lang='lat' dir='ltr'><strong>a</strong></span> <span class='ocrx_word' id='word_1_10' title='bbox 1067 407 1105 456; x_wconf 90' lang='lat' dir='ltr'><strong>se</strong></span> <span class='ocrx_word' id='word_1_11' title='bbox 1118 382 1313 483; x_wconf 75' lang='lat' dir='ltr'><strong>scriptam,</strong></span> 
     </span>
     <span class='ocr_line' id='line_1_3' title="bbox 96 489 1315 595; baseline 0.003 -21"><span class='ocrx_word' id='word_1_12' title='bbox 96 555 101 584; x_wconf 81' lang='grc'><strong><em>,</em></strong></span> <span class='ocrx_word' id='word_1_13' title='bbox 175 527 248 576; x_wconf 88' lang='lat' dir='ltr'><strong>nec</strong></span> <span class='ocrx_word' id='word_1_14' title='bbox 273 502 448 595; x_wconf 84' lang='lat' dir='ltr'>Leandri,</span> <span class='ocrx_word' id='word_1_15' title='bbox 475 530 545 578; x_wconf 87' lang='lat' dir='ltr'><strong>nee</strong></span> <span class='ocrx_word' id='word_1_16' title='bbox 569 505 729 592; x_wconf 84' lang='lat' dir='ltr'><strong>Acontii,</strong></span> <span class='ocrx_word' id='word_1_17' title='bbox 761 531 831 579; x_wconf 87' lang='lat' dir='ltr'><strong>nec</strong></span> <span class='ocrx_word' id='word_1_18' title='bbox 865 506 1018 580; x_wconf 90' lang='lat' dir='ltr'><strong>omnino</strong></span> <span class='ocrx_word' id='word_1_19' title='bbox 1049 489 1167 578; x_wconf 83' lang='lat' dir='ltr'><strong>ullam</strong></span> <span class='ocrx_word' id='word_1_20' title='bbox 1201 531 1315 578; x_wconf 89' lang='lat' dir='ltr'><strong>suam</strong></span> 
     </span>
    </p>
   </div>
   <div class='ocr_carea' id='block_1_3' title="bbox 45 624 1309 726">
    <p class='ocr_par' dir='ltr' id='par_1_3' title="bbox 45 624 1309 726">
     <span class='ocr_line' id='line_1_4' title="bbox 45 624 1309 726; baseline 0.003 -27"><span class='ocrx_word' id='word_1_21' title='bbox 45 649 58 660; x_wconf 77' lang='grc'><em>’</em></span> <span class='ocrx_word' id='word_1_22' title='bbox 173 628 355 700; x_wconf 86' lang='lat' dir='ltr'><strong>iuvenum</strong></span> <span class='ocrx_word' id='word_1_23' title='bbox 379 624 428 699; x_wconf 86' lang='lat' dir='ltr'><strong>ad</strong></span> <span class='ocrx_word' id='word_1_24' title='bbox 453 625 596 726; x_wconf 83' lang='lat' dir='ltr'><strong>puellas</strong></span> <span class='ocrx_word' id='word_1_25' title='bbox 621 625 829 725; x_wconf 84' lang='lat' dir='ltr'><strong>Epistolam</strong></span> <span class='ocrx_word' id='word_1_26' title='bbox 857 654 945 721; x_wconf 82' lang='lat' dir='ltr'><strong>enm</strong></span> <span class='ocrx_word' id='word_1_27' title='bbox 975 654 1309 718; x_wconf 80' lang='lat' dir='ltr'><strong>commemorasse,</strong></span> 
     </span>
    </p>
   </div>
   <div class='ocr_carea' id='block_1_4' title="bbox 171 748 1318 4384">
    <p class='ocr_par' dir='ltr' id='par_1_4' title="bbox 173 748 1318 2556">
     <span class='ocr_line' id='line_1_5' title="bbox 175 748 1316 851; baseline -0.003 -30"><span class='ocrx_word' id='word_1_28' title='bbox 175 749 302 848; x_wconf 89' lang='lat' dir='ltr'><strong>itaque</strong></span> <span class='ocrx_word' id='word_1_29' title='bbox 326 748 556 821; x_wconf 86' lang='lat' dir='ltr'><strong>constantius</strong></span> <span class='ocrx_word' id='word_1_30' title='bbox 581 762 683 820; x_wconf 88' lang='lat' dir='ltr'><strong>certe</strong></span> <span class='ocrx_word' id='word_1_31' title='bbox 709 748 839 823; x_wconf 82' lang='lat' dir='ltr'><strong>secisse</strong></span> <span class='ocrx_word' id='word_1_32' title='bbox 864 776 945 834; x_wconf 87' lang='lat' dir='ltr'><strong>eos,</strong></span> <span class='ocrx_word' id='word_1_33' title='bbox 973 752 1038 851; x_wconf 89' lang='lat' dir='ltr'><strong>qni</strong></span> <span class='ocrx_word' id='word_1_34' title='bbox 1065 775 1194 823; x_wconf 85' lang='lat' dir='ltr'><strong>omnes</strong></span> <span class='ocrx_word' id='word_1_35' title='bbox 1221 752 1316 824; x_wconf 73' lang='lat' dir='ltr'><strong>ovi.</strong></span> 
     </span>
     <span class='ocr_line' id='line_1_6' title="bbox 173 869 1315 972; baseline -0.001 -28"><span class='ocrx_word' id='word_1_36' title='bbox 173 869 238 945; x_wconf 88' lang='lat' dir='ltr'><strong>dio</strong></span> <span class='ocrx_word' id='word_1_37' title='bbox 260 869 548 970; x_wconf 70' lang='lat' dir='ltr'><strong>abiudicassent.</strong></span> <span class='ocrx_word' id='word_1_38' title='bbox 598 869 715 968; x_wconf 91' lang='lat' dir='ltr'><strong>Quod</strong></span> <span class='ocrx_word' id='word_1_39' title='bbox 748 885 873 945; x_wconf 90' lang='lat' dir='ltr'><strong>autem</strong></span> <span class='ocrx_word' id='word_1_40' title='bbox 908 873 964 945; x_wconf 51' lang='lat' dir='ltr'><strong>in¹</strong></span> <span class='ocrx_word' id='word_1_41' title='bbox 984 871 1055 944; x_wconf 87' lang='lat' dir='ltr'><strong>hae</strong></span> <span class='ocrx_word' id='word_1_42' title='bbox 1092 872 1315 972; x_wconf 75' lang='lat' dir='ltr'><strong>quaestione</strong></span> 
     </span>
     <span class='ocr_line' id='line_1_7' title="bbox 173 991 1315 1096; baseline 0 -29"><span class='ocrx_word' id='word_1_43' title='bbox 173 1006 288 1095; x_wconf 84' lang='lat' dir='ltr'><strong>caput</strong></span> <span class='ocrx_word' id='word_1_44' title='bbox 313 1007 367 1067; x_wconf 86' lang='lat' dir='ltr'><strong>est</strong></span> <span class='ocrx_word' id='word_1_45' title='bbox 392 1006 429 1065; x_wconf 91' lang='lat' dir='ltr'><strong>et</strong></span> <span class='ocrx_word' id='word_1_46' title='bbox 452 994 618 1096; x_wconf 88' lang='lat' dir='ltr'><strong>primum</strong></span> <span class='ocrx_word' id='word_1_47' title='bbox 644 991 909 1095; x_wconf 88' lang='lat' dir='ltr'><strong>quaerendum</strong></span> <span class='ocrx_word' id='word_1_48' title='bbox 934 1005 1023 1081; x_wconf 86' lang='lat' dir='ltr'><strong>erat,</strong></span> <span class='ocrx_word' id='word_1_49' title='bbox 1049 992 1241 1093; x_wconf 82' lang='lat' dir='ltr'><strong>numquid</strong></span> <span class='ocrx_word' id='word_1_50' title='bbox 1265 1020 1315 1068; x_wconf 88' lang='lat' dir='ltr'><strong>ea</strong></span> 
     </span>
     <span class='ocr_line' id='line_1_8' title="bbox 180 1113 1313 1218; baseline 0 -26"><span class='ocrx_word' id='word_1_51' title='bbox 180 1117 347 1192; x_wconf 88' lang='lat' dir='ltr'><strong>carmina</strong></span> <span class='ocrx_word' id='word_1_52' title='bbox 386 1119 425 1189; x_wconf 87' lang='lat' dir='ltr'><strong>in</strong></span> <span class='ocrx_word' id='word_1_53' title='bbox 457 1118 600 1189; x_wconf 89' lang='lat' dir='ltr'><strong>ratione</strong></span> <span class='ocrx_word' id='word_1_54' title='bbox 632 1128 670 1189; x_wconf 87' lang='lat' dir='ltr'><strong>et</strong></span> <span class='ocrx_word' id='word_1_55' title='bbox 708 1117 875 1189; x_wconf 88' lang='lat' dir='ltr'><strong>oratione</strong></span> <span class='ocrx_word' id='word_1_56' title='bbox 913 1113 1114 1205; x_wconf 86' lang='lat' dir='ltr'><strong>haberent,</strong></span> <span class='ocrx_word' id='word_1_57' title='bbox 1147 1117 1254 1218; x_wconf 90' lang='lat' dir='ltr'><strong>quod</strong></span> <span class='ocrx_word' id='word_1_58' title='bbox 1275 1146 1313 1192; x_wconf 52' lang='lat' dir='ltr'><strong>‘a</strong></span> 
     </span>
     <span class='ocr_line' id='line_1_9' title="bbox 176 1235 1315 1339; baseline -0.002 -24"><span class='ocrx_word' id='word_1_59' title='bbox 176 1238 452 1315; x_wconf 87' lang='lat' dir='ltr'><strong>consuetudine</strong></span> <span class='ocrx_word' id='word_1_60' title='bbox 494 1252 605 1339; x_wconf 87' lang='lat' dir='ltr'><strong>atque</strong></span> <span class='ocrx_word' id='word_1_61' title='bbox 635 1235 891 1311; x_wconf 77' lang='lat' dir='ltr'><strong>observatione</strong></span> <span class='ocrx_word' id='word_1_62' title='bbox 928 1237 1056 1312; x_wconf 84' lang='lat' dir='ltr'><strong>Ovidii</strong></span> <span class='ocrx_word' id='word_1_63' title='bbox 1094 1237 1315 1333; x_wconf 86' lang='lat' dir='ltr'><strong>abhorrere,</strong></span> 
     </span>
     <span class='ocr_line' id='line_1_10' title="bbox 174 1357 1314 1461; baseline -0.001 -26"><span class='ocrx_word' id='word_1_64' title='bbox 174 1361 358 1461; x_wconf 79' lang='lat' dir='ltr'><strong>insignem</strong></span> <span class='ocrx_word' id='word_1_65' title='bbox 382 1385 471 1433; x_wconf 84' lang='lat' dir='ltr'><strong>vero</strong></span> <span class='ocrx_word' id='word_1_66' title='bbox 498 1386 586 1433; x_wconf 91' lang='lat' dir='ltr'><strong>cum</strong></span> <span class='ocrx_word' id='word_1_67' title='bbox 609 1360 730 1432; x_wconf 83' lang='lat' dir='ltr'><strong>tribus</strong></span> <span class='ocrx_word' id='word_1_68' title='bbox 762 1357 833 1431; x_wconf 84' lang='lat' dir='ltr'><strong>illis</strong></span> <span class='ocrx_word' id='word_1_69' title='bbox 877 1384 974 1459; x_wconf 86' lang='lat' dir='ltr'><strong>quae</strong></span> <span class='ocrx_word' id='word_1_70' title='bbox 1009 1371 1152 1432; x_wconf 84' lang='lat' dir='ltr'><strong>exstant</strong></span> <span class='ocrx_word' id='word_1_71' title='bbox 1178 1358 1314 1434; x_wconf 88' lang='lat' dir='ltr'><strong>Sabini</strong></span> 
     </span>
     <span class='ocr_line' id='line_1_11' title="bbox 175 1475 1314 1580; baseline 0.003 -29"><span class='ocrx_word' id='word_1_72' title='bbox 175 1475 356 1580; x_wconf 86' lang='lat' dir='ltr'><strong>Epistolis</strong></span> <span class='ocrx_word' id='word_1_73' title='bbox 392 1480 677 1554; x_wconf 85' lang='lat' dir='ltr'><strong>similitudinem</strong></span> <span class='ocrx_word' id='word_1_74' title='bbox 709 1478 902 1554; x_wconf 86' lang='lat' dir='ltr'><strong>declarare</strong></span> <span class='ocrx_word' id='word_1_75' title='bbox 925 1478 1136 1576; x_wconf 66' lang='lat' dir='ltr'><strong>rideretur,</strong></span> <span class='ocrx_word' id='word_1_76' title='bbox 1179 1506 1314 1555; x_wconf 86' lang='lat' dir='ltr'><strong>omnes</strong></span> 
     </span>
     <span class='ocr_line' id='line_1_12' title="bbox 176 1600 1316 1705; baseline 0.003 -31"><span class='ocrx_word' id='word_1_77' title='bbox 176 1602 289 1705; x_wconf 86' lang='lat' dir='ltr'><strong>plane</strong></span> <span class='ocrx_word' id='word_1_78' title='bbox 314 1601 571 1702; x_wconf 84' lang='lat' dir='ltr'><strong>neglexerunt.</strong></span> <span class='ocrx_word' id='word_1_79' title='bbox 615 1604 693 1675; x_wconf 89' lang='lat' dir='ltr'><strong>Nisi</strong></span> <span class='ocrx_word' id='word_1_80' title='bbox 719 1600 824 1703; x_wconf 89' lang='lat' dir='ltr'><strong>qnod</strong></span> <span class='ocrx_word' id='word_1_81' title='bbox 848 1603 1099 1690; x_wconf 77' lang='lat' dir='ltr'><strong>Biarmannus,</strong></span> <span class='ocrx_word' id='word_1_82' title='bbox 1126 1604 1192 1703; x_wconf 89' lang='lat' dir='ltr'><strong>qui</strong></span> <span class='ocrx_word' id='word_1_83' title='bbox 1210 1604 1316 1704; x_wconf 76' lang='lat' dir='ltr'><strong>,Epi-</strong></span> 
     </span>
     <span class='ocr_line' id='line_1_13' title="bbox 176 1711 1318 1812; baseline -0.004 -11"><span class='ocrx_word' id='word_1_84' title='bbox 176 1725 308 1801; x_wconf 82' lang='lat' dir='ltr'><strong>stolam</strong></span> <span class='ocrx_word' id='word_1_85' title='bbox 330 1723 419 1798; x_wconf 89' lang='lat' dir='ltr'><strong>XX.</strong></span> <span class='ocrx_word' id='word_1_86' title='bbox 447 1739 483 1796; x_wconf 88' lang='lat' dir='ltr'><strong>et</strong></span> <span class='ocrx_word' id='word_1_87' title='bbox 507 1723 613 1798; x_wconf 90' lang='lat' dir='ltr'>XXI.</span> <span class='ocrx_word' id='word_1_88' title='bbox 642 1711 779 1797; x_wconf 83' lang='lat' dir='ltr'><strong>Ovidio</strong></span> <span class='ocrx_word' id='word_1_89' title='bbox 806 1721 1043 1812; x_wconf 85' lang='lat' dir='ltr'><strong>abiudicavit,</strong></span> <span class='ocrx_word' id='word_1_90' title='bbox 1069 1750 1200 1796; x_wconf 86' lang='lat' dir='ltr'><strong>aarum</strong></span> <span class='ocrx_word' id='word_1_91' title='bbox 1225 1750 1318 1797; x_wconf 85' lang='lat' dir='ltr'><strong>ora·-</strong></span> 
     </span>
     <span class='ocr_line' id='line_1_14' title="bbox 177 1843 1317 1945; baseline -0.001 -27"><span class='ocrx_word' id='word_1_92' title='bbox 177 1847 320 1920; x_wconf 87' lang='lat' dir='ltr'><strong>tionem</strong></span> <span class='ocrx_word' id='word_1_93' title='bbox 347 1846 510 1917; x_wconf 92' lang='lat' dir='ltr'><strong>ieiunam</strong></span> <span class='ocrx_word' id='word_1_94' title='bbox 537 1858 574 1919; x_wconf 89' lang='lat' dir='ltr'><strong>et</strong></span> <span class='ocrx_word' id='word_1_95' title='bbox 598 1844 768 1918; x_wconf 83' lang='lat' dir='ltr'><strong>scabram</strong></span> <span class='ocrx_word' id='word_1_96' title='bbox 794 1872 869 1918; x_wconf 90' lang='lat' dir='ltr'><strong>esse</strong></span> <span class='ocrx_word' id='word_1_97' title='bbox 890 1843 996 1932; x_wconf 84' lang='lat' dir='ltr'><strong>dixit,</strong></span> <span class='ocrx_word' id='word_1_98' title='bbox 1023 1843 1130 1945; x_wconf 78' lang='lat' dir='ltr'><strong>quod</strong></span> <span class='ocrx_word' id='word_1_99' title='bbox 1145 1857 1317 1917; x_wconf 85' lang='lat' dir='ltr'><strong>tantum-</strong></span> 
     </span>
     <span class='ocr_line' id='line_1_15' title="bbox 176 1963 1312 2069; baseline -0.006 -25"><span class='ocrx_word' id='word_1_100' title='bbox 176 1969 264 2044; x_wconf 89' lang='lat' dir='ltr'><strong>dem</strong></span> <span class='ocrx_word' id='word_1_101' title='bbox 289 1981 359 2056; x_wconf 89' lang='lat' dir='ltr'><strong>est,</strong></span> <span class='ocrx_word' id='word_1_102' title='bbox 386 1993 507 2069; x_wconf 88' lang='lat' dir='ltr'><strong>quum</strong></span> <span class='ocrx_word' id='word_1_103' title='bbox 532 1969 760 2069; x_wconf 78' lang='lat' dir='ltr'><strong>argumenta,</strong></span> <span class='ocrx_word' id='word_1_104' title='bbox 783 1966 922 2068; x_wconf 88' lang='lat' dir='ltr'><strong>quibus</strong></span> <span class='ocrx_word' id='word_1_105' title='bbox 949 1963 1046 2037; x_wconf 89' lang='lat' dir='ltr'><strong>illud</strong></span> <span class='ocrx_word' id='word_1_106' title='bbox 1067 1964 1312 2064; x_wconf 84' lang='lat' dir='ltr'><strong>probaretur,</strong></span> 
     </span>
     <span class='ocr_line' id='line_1_16' title="bbox 175 2084 1315 2196; baseline -0.003 -34"><span class='ocrx_word' id='word_1_107' title='bbox 175 2088 281 2162; x_wconf 86' lang='lat' dir='ltr'><strong>nulla</strong></span> <span class='ocrx_word' id='word_1_108' title='bbox 304 2088 514 2189; x_wconf 84' lang='lat' dir='ltr'><strong>protulerit.</strong></span> <span class='ocrx_word' id='word_1_109' title='bbox 565 2088 642 2184; x_wconf 90' lang='lat' dir='ltr'><strong>Qui</strong></span> <span class='ocrx_word' id='word_1_110' title='bbox 669 2102 795 2196; x_wconf 81' lang='lat' dir='ltr'><strong>antem</strong></span> <span class='ocrx_word' id='word_1_111' title='bbox 811 2087 1017 2190; x_wconf 88' lang='lat' dir='ltr'><strong>Epistolam</strong></span> <span class='ocrx_word' id='word_1_112' title='bbox 1041 2085 1124 2192; x_wconf 64' lang='lat' dir='ltr'><strong>XV.</strong></span> <span class='ocrx_word' id='word_1_113' title='bbox 1153 2084 1315 2159; x_wconf 89' lang='lat' dir='ltr'><strong>damna-</strong></span> 
     </span>
     <span class='ocr_line' id='line_1_17' title="bbox 176 2208 1314 2301; baseline 0.004 -19"><span class='ocrx_word' id='word_1_114' title='bbox 176 2224 283 2301; x_wconf 88' lang='lat' dir='ltr'><strong>runt,</strong></span> <span class='ocrx_word' id='word_1_115' title='bbox 307 2225 372 2283; x_wconf 92' lang='lat' dir='ltr'><strong>ant</strong></span> <span class='ocrx_word' id='word_1_116' title='bbox 396 2210 527 2283; x_wconf 87' lang='lat' dir='ltr'><strong>leviter</strong></span> <span class='ocrx_word' id='word_1_117' title='bbox 552 2209 672 2283; x_wconf 86' lang='lat' dir='ltr'><strong>levem</strong></span> <span class='ocrx_word' id='word_1_118' title='bbox 703 2224 896 2284; x_wconf 80' lang='lat' dir='ltr'><strong>auctorem</strong></span> <span class='ocrx_word' id='word_1_119' title='bbox 927 2208 1149 2283; x_wconf 84' lang='lat' dir='ltr'><strong>scholiasten</strong></span> <span class='ocrx_word' id='word_1_120' title='bbox 1187 2216 1314 2286; x_wconf 86' lang='lat' dir='ltr'><strong>secuti</strong></span> 
     </span>
     <span class='ocr_line' id='line_1_18' title="bbox 176 2331 1312 2427; baseline 0.003 -18"><span class='ocrx_word' id='word_1_121' title='bbox 176 2349 274 2427; x_wconf 82' lang='lat' dir='ltr'><strong>sunt,</strong></span> <span class='ocrx_word' id='word_1_122' title='bbox 300 2349 364 2410; x_wconf 88' lang='lat' dir='ltr'><strong>aut</strong></span> <span class='ocrx_word' id='word_1_123' title='bbox 388 2363 468 2419; x_wconf 88' lang='lat' dir='ltr'><strong>rem</strong></span> <span class='ocrx_word' id='word_1_124' title='bbox 494 2334 662 2408; x_wconf 86' lang='lat' dir='ltr'><strong>breviter</strong></span> <span class='ocrx_word' id='word_1_125' title='bbox 697 2346 734 2406; x_wconf 90' lang='lat' dir='ltr'><strong>et</strong></span> <span class='ocrx_word' id='word_1_126' title='bbox 766 2331 843 2407; x_wconf 88' lang='lat' dir='ltr'><strong>sola</strong></span> <span class='ocrx_word' id='word_1_127' title='bbox 876 2337 1094 2408; x_wconf 83' lang='lat' dir='ltr'><strong>auctoritate</strong></span> <span class='ocrx_word' id='word_1_128' title='bbox 1127 2360 1193 2408; x_wconf 88' lang='lat' dir='ltr'><strong>sua</strong></span> <span class='ocrx_word' id='word_1_129' title='bbox 1218 2364 1312 2412; x_wconf 88' lang='lat' dir='ltr'><strong>con·</strong></span> 
     </span>
     <span class='ocr_line' id='line_1_19' title="bbox 175 2452 1129 2556; baseline -0.003 -26"><span class='ocrx_word' id='word_1_130' title='bbox 175 2456 359 2547; x_wconf 74' lang='lat' dir='ltr'><strong>fecerunt,</strong></span> <span class='ocrx_word' id='word_1_131' title='bbox 386 2454 524 2529; x_wconf 86' lang='lat' dir='ltr'><strong>Ovidio</strong></span> <span class='ocrx_word' id='word_1_132' title='bbox 551 2452 745 2556; x_wconf 83' lang='lat' dir='ltr'><strong>indignam</strong></span> <span class='ocrx_word' id='word_1_133' title='bbox 770 2482 851 2528; x_wconf 87' lang='lat' dir='ltr'><strong>eam</strong></span> <span class='ocrx_word' id='word_1_134' title='bbox 879 2454 1129 2530; x_wconf 87' lang='lat' dir='ltr'><strong>declararunt.</strong></span> 
     </span>
    </p>

    <p class='ocr_par' dir='ltr' id='par_1_5' title="bbox 171 2577 1316 4384">
     <span class='ocr_line' id='line_1_20' title="bbox 248 2577 1316 2657; baseline 0.006 -6"><span class='ocrx_word' id='word_1_135' title='bbox 248 2578 324 2653; x_wconf 87' lang='lat' dir='ltr'><strong>Sed</strong></span> <span class='ocrx_word' id='word_1_136' title='bbox 365 2591 495 2652; x_wconf 87' lang='lat' dir='ltr'><strong>contra</strong></span> <span class='ocrx_word' id='word_1_137' title='bbox 538 2577 603 2651; x_wconf 87' lang='lat' dir='ltr'><strong>has</strong></span> <span class='ocrx_word' id='word_1_138' title='bbox 645 2579 817 2653; x_wconf 83' lang='lat' dir='ltr'><strong>virorum</strong></span> <span class='ocrx_word' id='word_1_139' title='bbox 849 2578 1086 2652; x_wconf 80' lang='lat' dir='ltr'><strong>eruditorum</strong></span> <span class='ocrx_word' id='word_1_140' title='bbox 1110 2582 1316 2657; x_wconf 85' lang='lat' dir='ltr'><strong>sententias</strong></span> 
     </span>
     <span class='ocr_line' id='line_1_21' title="bbox 178 2699 1313 2804; baseline 0.004 -31"><span class='ocrx_word' id='word_1_141' title='bbox 178 2699 312 2773; x_wconf 88' lang='lat' dir='ltr'><strong>clamat</strong></span> <span class='ocrx_word' id='word_1_142' title='bbox 351 2699 465 2804; x_wconf 81' lang='lat' dir='ltr'><strong>totins</strong></span> <span class='ocrx_word' id='word_1_143' title='bbox 496 2702 696 2774; x_wconf 85' lang='lat' dir='ltr'><strong>auctoritas</strong></span> <span class='ocrx_word' id='word_1_144' title='bbox 727 2702 919 2775; x_wconf 79' lang='lat' dir='ltr'><strong>vetustatis</strong></span> <span class='ocrx_word' id='word_1_145' title='bbox 954 2714 991 2773; x_wconf 89' lang='lat' dir='ltr'><strong>et</strong></span> <span class='ocrx_word' id='word_1_146' title='bbox 1022 2701 1194 2775; x_wconf 84' lang='lat' dir='ltr'><strong>omnium</strong></span> <span class='ocrx_word' id='word_1_147' title='bbox 1224 2701 1313 2778; x_wconf 86' lang='lat' dir='ltr'><strong>fere</strong></span> 
     </span>
     <span class='ocr_line' id='line_1_22' title="bbox 175 2812 1309 2924; baseline 0.002 -26"><span class='ocrx_word' id='word_1_148' title='bbox 175 2822 368 2923; x_wconf 82' lang='lat' dir='ltr'><strong>codicum3</strong></span> <span class='ocrx_word' id='word_1_149' title='bbox 393 2823 463 2895; x_wconf 89' lang='lat' dir='ltr'><strong>nisi</strong></span> <span class='ocrx_word' id='word_1_150' title='bbox 489 2822 593 2924; x_wconf 89' lang='lat' dir='ltr'><strong>quod</strong></span> <span class='ocrx_word' id='word_1_151' title='bbox 620 2848 717 2894; x_wconf 87' lang='lat' dir='ltr'><strong>unus</strong></span> <span class='ocrx_word' id='word_1_152' title='bbox 743 2822 868 2894; x_wconf 88' lang='lat' dir='ltr'><strong>nescio</strong></span> <span class='ocrx_word' id='word_1_153' title='bbox 895 2812 979 2923; x_wconf 81' lang='lat' dir='ltr'><strong>quis</strong></span> <span class='ocrx_word' id='word_1_154' title='bbox 999 2821 1187 2895; x_wconf 86' lang='lat' dir='ltr'><strong>Palatinus</strong></span> <span class='ocrx_word' id='word_1_155' title='bbox 1205 2821 1309 2900; x_wconf 87' lang='lat' dir='ltr'><strong>hanc</strong></span> 
     </span>
     <span class='ocr_line' id='line_1_23' title="bbox 176 2941 1315 3045; baseline 0.004 -29"><span class='ocrx_word' id='word_1_156' title='bbox 176 2941 326 3016; x_wconf 81' lang='lat' dir='ltr'><strong>exhibet</strong></span> <span class='ocrx_word' id='word_1_157' title='bbox 340 2943 527 3043; x_wconf 86' lang='lat' dir='ltr'><strong>Epistolae</strong></span> <span class='ocrx_word' id='word_1_158' title='bbox 542 2944 662 3019; x_wconf 87' lang='lat' dir='ltr'>XVII.</span> <span class='ocrx_word' id='word_1_159' title='bbox 687 2944 989 3043; x_wconf 81' lang='lat' dir='ltr'><strong>inscriptionem:</strong></span> <span class='ocrx_word' id='word_1_160' title='bbox 1017 2943 1151 3019; x_wconf 83' lang='lat' dir='ltr'><strong>Sabini</strong></span> <span class='ocrx_word' id='word_1_161' title='bbox 1173 2961 1315 3045; x_wconf 83' lang='lat' dir='ltr'><strong>poetae</strong></span> 
     </span>
     <span class='ocr_line' id='line_1_24' title="bbox 173 3048 1308 3167; baseline 0.004 -30"><span class='ocrx_word' id='word_1_162' title='bbox 173 3063 369 3167; x_wconf 78' lang='lat' dir='ltr'><strong>Epistola,</strong></span> <span class='ocrx_word' id='word_1_163' title='bbox 395 3090 472 3165; x_wconf 79' lang='lat' dir='ltr'><strong>qua</strong></span> <span class='ocrx_word' id='word_1_164' title='bbox 498 3065 725 3138; x_wconf 81' lang='lat' dir='ltr'><strong>Alexandro</strong></span> <span class='ocrx_word' id='word_1_165' title='bbox 747 3067 896 3139; x_wconf 86' lang='lat' dir='ltr'><strong>Helena</strong></span> <span class='ocrx_word' id='word_1_166' title='bbox 923 3066 1135 3166; x_wconf 84' lang='lat' dir='ltr'><strong>respondet.</strong></span> <span class='ocrx_word' id='word_1_167' title='bbox 1193 3048 1308 3160; x_wconf 75' lang='lat' dir='ltr'><strong>Quae</strong></span> 
     </span>
     <span class='ocr_line' id='line_1_25' title="bbox 175 3185 1313 3289; baseline 0.002 -29"><span class='ocrx_word' id='word_1_168' title='bbox 175 3211 264 3260; x_wconf 87' lang='lat' dir='ltr'><strong>cnm</strong></span> <span class='ocrx_word' id='word_1_169' title='bbox 286 3215 355 3289; x_wconf 85' lang='lat' dir='ltr'><strong>per</strong></span> <span class='ocrx_word' id='word_1_170' title='bbox 379 3215 416 3263; x_wconf 89' lang='lat' dir='ltr'><strong>se</strong></span> <span class='ocrx_word' id='word_1_171' title='bbox 442 3213 577 3287; x_wconf 89' lang='lat' dir='ltr'><strong>parum</strong></span> <span class='ocrx_word' id='word_1_172' title='bbox 597 3187 717 3261; x_wconf 84' lang='lat' dir='ltr'><strong>valeat</strong></span> <span class='ocrx_word' id='word_1_173' title='bbox 736 3201 865 3260; x_wconf 88' lang='lat' dir='ltr'><strong>contra</strong></span> <span class='ocrx_word' id='word_1_174' title='bbox 880 3187 1114 3288; x_wconf 84' lang='lat' dir='ltr'><strong>reliquorum</strong></span> <span class='ocrx_word' id='word_1_175' title='bbox 1131 3185 1313 3262; x_wconf 90' lang='lat' dir='ltr'><strong>codicum</strong></span> 
     </span>
     <span class='ocr_line' id='line_1_26' title="bbox 172 3306 1310 3398; baseline 0.001 -18"><span class='ocrx_word' id='word_1_176' title='bbox 172 3331 404 3398; x_wconf 84' lang='lat' dir='ltr'><strong>consensum,</strong></span> <span class='ocrx_word' id='word_1_177' title='bbox 431 3311 543 3383; x_wconf 86' lang='lat' dir='ltr'><strong>etiam</strong></span> <span class='ocrx_word' id='word_1_178' title='bbox 568 3338 649 3384; x_wconf 86' lang='lat' dir='ltr'><strong>eam</strong></span> <span class='ocrx_word' id='word_1_179' title='bbox 679 3308 728 3381; x_wconf 92' lang='lat' dir='ltr'><strong>ob</strong></span> <span class='ocrx_word' id='word_1_180' title='bbox 742 3335 908 3382; x_wconf 85' lang='lat' dir='ltr'><strong>caussam</strong></span> <span class='ocrx_word' id='word_1_181' title='bbox 932 3309 1150 3381; x_wconf 83' lang='lat' dir='ltr'><strong>auctoritate</strong></span> <span class='ocrx_word' id='word_1_182' title='bbox 1174 3319 1210 3377; x_wconf 90' lang='lat' dir='ltr'><strong>et</strong></span> <span class='ocrx_word' id='word_1_183' title='bbox 1230 3306 1310 3397; x_wconf 89' lang='lat' dir='ltr'><strong>fide</strong></span> 
     </span>
     <span class='ocr_line' id='line_1_27' title="bbox 175 3426 1308 3532; baseline 0 -30"><span class='ocrx_word' id='word_1_184' title='bbox 175 3442 286 3517; x_wconf 85' lang='lat' dir='ltr'><strong>caret,</strong></span> <span class='ocrx_word' id='word_1_185' title='bbox 312 3434 401 3529; x_wconf 88' lang='lat' dir='ltr'><strong>quia</strong></span> <span class='ocrx_word' id='word_1_186' title='bbox 422 3432 588 3532; x_wconf 88' lang='lat' dir='ltr'><strong>Epistola</strong></span> <span class='ocrx_word' id='word_1_187' title='bbox 614 3432 734 3506; x_wconf 89' lang='lat' dir='ltr'>XVll.</span> <span class='ocrx_word' id='word_1_188' title='bbox 762 3430 869 3504; x_wconf 85' lang='lat' dir='ltr'><strong>nullo</strong></span> <span class='ocrx_word' id='word_1_189' title='bbox 895 3443 1014 3530; x_wconf 90' lang='lat' dir='ltr'><strong>potest</strong></span> <span class='ocrx_word' id='word_1_190' title='bbox 1041 3426 1156 3501; x_wconf 92' lang='lat' dir='ltr'><strong>modo</strong></span> <span class='ocrx_word' id='word_1_191' title='bbox 1188 3456 1210 3500; x_wconf 90' lang='lat' dir='ltr'><strong>a</strong></span> <span class='ocrx_word' id='word_1_192' title='bbox 1245 3458 1308 3502; x_wconf 88' lang='lat' dir='ltr'><strong>ra-</strong></span> 
     </span>
     <span class='ocr_line' id='line_1_28' title="bbox 172 3551 1309 3656; baseline 0.002 -30"><span class='ocrx_word' id='word_1_193' title='bbox 172 3554 274 3627; x_wconf 86' lang='lat' dir='ltr'><strong>tione</strong></span> <span class='ocrx_word' id='word_1_194' title='bbox 300 3554 532 3656; x_wconf 83' lang='lat' dir='ltr'><strong>reliquarum</strong></span> <span class='ocrx_word' id='word_1_195' title='bbox 556 3554 717 3653; x_wconf 83' lang='lat' dir='ltr'><strong>seiungi,</strong></span> <span class='ocrx_word' id='word_1_196' title='bbox 755 3553 825 3626; x_wconf 89' lang='lat' dir='ltr'><strong>nisi</strong></span> <span class='ocrx_word' id='word_1_197' title='bbox 851 3551 946 3625; x_wconf 82' lang='lat' dir='ltr'><strong>forte</strong></span> <span class='ocrx_word' id='word_1_198' title='bbox 969 3553 1199 3652; x_wconf 89' lang='lat' dir='ltr'><strong>apertissima</strong></span> <span class='ocrx_word' id='word_1_199' title='bbox 1224 3554 1309 3628; x_wconf 87' lang='lat' dir='ltr'><strong>eins</strong></span> 
     </span>
     <span class='ocr_line' id='line_1_29' title="bbox 171 3673 1308 3778; baseline -0.002 -28"><span class='ocrx_word' id='word_1_200' title='bbox 171 3706 194 3750; x_wconf 87' lang='lat' dir='ltr'><strong>a</strong></span> <span class='ocrx_word' id='word_1_201' title='bbox 229 3676 383 3778; x_wconf 87' lang='lat' dir='ltr'><strong>reliquis</strong></span> <span class='ocrx_word' id='word_1_202' title='bbox 418 3677 628 3764; x_wconf 85' lang='lat' dir='ltr'><strong>diversitas,</strong></span> <span class='ocrx_word' id='word_1_203' title='bbox 670 3700 765 3776; x_wconf 91' lang='lat' dir='ltr'><strong>quae</strong></span> <span class='ocrx_word' id='word_1_204' title='bbox 807 3673 952 3747; x_wconf 86' lang='lat' dir='ltr'><strong>ostendi</strong></span> <span class='ocrx_word' id='word_1_205' title='bbox 992 3673 1146 3745; x_wconf 89' lang='lat' dir='ltr'><strong>minime</strong></span> <span class='ocrx_word' id='word_1_206' title='bbox 1171 3685 1308 3772; x_wconf 89' lang='lat' dir='ltr'><strong>potest,</strong></span> 
     </span>
     <span class='ocr_line' id='line_1_30' title="bbox 172 3795 1308 3896; baseline -0.002 -22"><span class='ocrx_word' id='word_1_207' title='bbox 172 3799 401 3874; x_wconf 83' lang='lat' dir='ltr'><strong>ostendatur.</strong></span> <span class='ocrx_word' id='word_1_208' title='bbox 453 3799 597 3873; x_wconf 90' lang='lat' dir='ltr'><strong>Clamat</strong></span> <span class='ocrx_word' id='word_1_209' title='bbox 628 3809 760 3870; x_wconf 83' lang='lat' dir='ltr'><strong>contra</strong></span> <span class='ocrx_word' id='word_1_210' title='bbox 798 3795 946 3869; x_wconf 89' lang='lat' dir='ltr'><strong>easdem</strong></span> <span class='ocrx_word' id='word_1_211' title='bbox 986 3797 1185 3869; x_wconf 89' lang='lat' dir='ltr'><strong>sententias</strong></span> <span class='ocrx_word' id='word_1_212' title='bbox 1225 3797 1308 3896; x_wconf 90' lang='lat' dir='ltr'><strong>ipsa</strong></span> 
     </span>
     <span class='ocr_line' id='line_1_31' title="bbox 172 3917 1308 4022; baseline 0.002 -29"><span class='ocrx_word' id='word_1_213' title='bbox 172 3921 323 3994; x_wconf 88' lang='lat' dir='ltr'><strong>illarum</strong></span> <span class='ocrx_word' id='word_1_214' title='bbox 348 3921 602 4022; x_wconf 86' lang='lat' dir='ltr'><strong>Epistolarum</strong></span> <span class='ocrx_word' id='word_1_215' title='bbox 627 3919 735 3991; x_wconf 83' lang='lat' dir='ltr'><strong>ratio.</strong></span> <span class='ocrx_word' id='word_1_216' title='bbox 762 3919 855 3992; x_wconf 88' lang='lat' dir='ltr'><strong>Mihi</strong></span> <span class='ocrx_word' id='word_1_217' title='bbox 883 3917 1049 4020; x_wconf 89' lang='lat' dir='ltr'><strong>quidem,</strong></span> <span class='ocrx_word' id='word_1_218' title='bbox 1076 3920 1106 3991; x_wconf 88' lang='lat' dir='ltr'><strong>si</strong></span> <span class='ocrx_word' id='word_1_219' title='bbox 1134 3918 1229 4019; x_wconf 87' lang='lat' dir='ltr'><strong>quid</strong></span> <span class='ocrx_word' id='word_1_220' title='bbox 1256 3948 1308 3995; x_wconf 81' lang='lat' dir='ltr'><strong>ex</strong></span> 
     </span>
     <span class='ocr_line' id='line_1_32' title="bbox 172 4039 1305 4142; baseline 0.004 -27"><span class='ocrx_word' id='word_1_221' title='bbox 172 4041 321 4116; x_wconf 88' lang='lat' dir='ltr'><strong>assiduo</strong></span> <span class='ocrx_word' id='word_1_222' title='bbox 340 4043 390 4117; x_wconf 82' lang='lat' dir='ltr'><strong>&#39;ac</strong></span> <span class='ocrx_word' id='word_1_223' title='bbox 415 4043 616 4130; x_wconf 88' lang='lat' dir='ltr'><strong>diuturno,</strong></span> <span class='ocrx_word' id='word_1_224' title='bbox 644 4039 749 4142; x_wconf 89' lang='lat' dir='ltr'><strong>quod</strong></span> <span class='ocrx_word' id='word_1_225' title='bbox 776 4042 815 4112; x_wconf 88' lang='lat' dir='ltr'><strong>in</strong></span> <span class='ocrx_word' id='word_1_226' title='bbox 841 4039 904 4113; x_wconf 87' lang='lat' dir='ltr'><strong>has</strong></span> <span class='ocrx_word' id='word_1_227' title='bbox 936 4041 1119 4140; x_wconf 74' lang='lat' dir='ltr'><strong>Epistulas</strong></span> <span class='ocrx_word' id='word_1_228' title='bbox 1146 4045 1305 4138; x_wconf 90' lang='lat' dir='ltr'><strong>contuli,</strong></span> 
     </span>
     <span class='ocr_line' id='line_1_33' title="bbox 172 4161 1304 4265; baseline 0.002 -28"><span class='ocrx_word' id='word_1_229' title='bbox 172 4164 298 4239; x_wconf 81' lang='lat' dir='ltr'><strong>studio</strong></span> <span class='ocrx_word' id='word_1_230' title='bbox 323 4167 532 4240; x_wconf 77' lang='lat' dir='ltr'><strong>existimare</strong></span> <span class='ocrx_word' id='word_1_231' title='bbox 558 4187 723 4265; x_wconf 88' lang='lat' dir='ltr'><strong>possum,</strong></span> <span class='ocrx_word' id='word_1_232' title='bbox 749 4163 876 4235; x_wconf 90' lang='lat' dir='ltr'><strong>omnes</strong></span> <span class='ocrx_word' id='word_1_233' title='bbox 903 4161 1156 4237; x_wconf 86' lang='lat' dir='ltr'><strong>eduleissima</strong></span> <span class='ocrx_word' id='word_1_234' title='bbox 1172 4163 1304 4240; x_wconf 87' lang='lat' dir='ltr'><strong>Ovidii</strong></span> 
     </span>
     <span class='ocr_line' id='line_1_34' title="bbox 171 4283 1305 4384; baseline 0.002 -25"><span class='ocrx_word' id='word_1_235' title='bbox 171 4312 266 4360; x_wconf 86' lang='lat' dir='ltr'><strong>vena</strong></span> <span class='ocrx_word' id='word_1_236' title='bbox 290 4286 438 4362; x_wconf 75' lang='lat' dir='ltr'><strong>fluxisse</strong></span> <span class='ocrx_word' id='word_1_237' title='bbox 463 4287 653 4373; x_wconf 86' lang='lat' dir='ltr'><strong>videntur,</strong></span> <span class='ocrx_word' id='word_1_238' title='bbox 680 4285 757 4357; x_wconf 89' lang='lat' dir='ltr'><strong>sive</strong></span> <span class='ocrx_word' id='word_1_239' title='bbox 783 4283 973 4357; x_wconf 86' lang='lat' dir='ltr'><strong>delectum</strong></span> <span class='ocrx_word' id='word_1_240' title='bbox 990 4297 1305 4384; x_wconf 79' lang='lat' dir='ltr'><strong>argumentorum</strong></span> 
     </span>
    </p>
   </div>
   <div class='ocr_carea' id='block_1_5' title="bbox 0 0 1360 4675">
    <p class='ocr_par' dir='ltr' id='par_1_6' title="bbox 0 0 1360 4675">
     <span class='ocr_line' id='line_1_35' title="bbox 0 0 1360 4675; baseline 0 0"><span class='ocrx_word' id='word_1_241' title='bbox 0 0 1360 4675; x_wconf 95' lang='lat' dir='ltr'><strong> </strong></span> 
     </span>
    </p>
   </div>
  </div>
 </body>
</html>
