2709 4675
141 225 214 299 88⁰
505 220 808 295 EPISTOLA
842 222 934 298 XV.

140 369 222 443 Hoc
243 367 373 441 saltem
397 349 553 441 miserae
579 366 746 443 crudelis
772 370 925 471 epistola
951 369 1061 460 dicat,

191 479 243 551 Ut
267 477 358 551 mihi
384 476 595 556 Leucadiae
619 476 694 553 fata
718 492 895 581 petantur
918 506 1048 583 equae.
1216 490 1283 563 22⁰

137 676 229 761 lasgis
244 677 468 758 primumcum
486 676 620 738 insulam
635 676 694 738 ha·
734 698 802 738 mus
825 678 875 757 sit,
892 677 1034 761 quamvis
1050 676 1131 738 nihil
1145 677 1283 740 invenias

9 811 11 840 ‚
136 758 271 820 bitatasn
286 758 386 819 tuisse
407 767 532 818 constat
556 779 574 819 e
595 760 692 821 Diod.
734 760 766 819 in
788 780 841 821 me
862 759 993 844 dignum
1023 759 1107 842 sugo,
1133 758 1197 820 hoe
1227 760 1285 820 sal-

9 845 10 922 }
139 838 179 899 V.
204 861 232 899 c.
254 839 303 906 16.
326 837 398 900 Vid.
412 861 507 921 supra
524 840 563 900 ad
581 863 609 901 v.
622 844 693 908 200.
736 849 802 901 tem
823 841 899 901 mihi
918 850 969 900 tua
986 842 1120 901 nunciet
1143 840 1284 921 epistota,

9 951 10 964 κ
137 919 251 983 Scidit
272 928 364 998 irwets
384 922 514 982 Zwicc·=
535 928 599 989 aiios
618 928 696 988 iuuet
735 932 767 983 te
800 943 843 982 sc.
879 924 990 1004 fugere
1022 943 1130 982 meum
1153 943 1286 1004 conspe-

135 1007 380 1087 silongefuisse.
419 1008 559 1087 Sepphon
590 1006 693 1064 estin
735 1014 822 1065 ctum
845 1012 879 1064 et
900 1004 985 1064 nolle
1007 1024 1149 1084 unquam
1172 1002 1213 1062 ad
1236 1024 1285 1065 me

136 1082 245 1160 aetat,
272 1085 397 1159 Zwiec.,
426 1085 527 1144 Scr'iv.
556 1094 589 1147 et
620 1083 693 1147 edd.
736 1086 855 1162 redire,
877 1093 914 1144 ut
934 1106 985 1144 me
1007 1085 1176 1145 conferam
1202 1085 1286 1145 Leu-

137 1162 220 1227 Ven.
242 1165 446 1242 1487.‚n1d.‚
468 1166 507 1225 al.
735 1176 840 1242 caten,
883 1168 913 1225 in
951 1181 1079 1231 montem
1117 1167 1213 1225 situm
1254 1166 1286 1225 in

177 1247 248 1314 219.
281 1252 346 1311 Hoc
373 1253 486 1312 saltem.
523 1248 692 1309 Distiehon
735 1249 823 1331 aquis
846 1247 1012 1309 Leucadiis
1034 1245 1164 1308 atinde
1193 1268 1288 1328 prae-

140 1325 204 1387 hoe
225 1338 424 1410 postremum
453 1350 513 1410 pro
551 1332 693 1412 legitimo
735 1331 865 1411 cipitem
888 1351 938 1390 me
961 1328 1044 1403 dem,
1061 1335 1098 1388 ut
1114 1348 1225 1388 amore
1243 1329 1288 1388 ie-

137 1409 269 1471 Nasonis
286 1409 335 1470 vix
352 1431 526 1492 agnoscere
542 1433 693 1485 sese,nec
735 1419 822 1472 ver.“
853 1413 899 1471 Er
927 1411 1042 1493 quibus
1070 1410 1178 1470 verbis
1209 1430 1288 1469 con-

141 1490 216 1550 natis
248 1491 383 1573 assequi,
409 1490 487 1574 quid
514 1493 572 1553 sibi
605 1494 693 1570 vetit,
735 1494 821 1569 iicio,
844 1494 941 1553 etiam
969 1490 1108 1551 Graesio
1129 1490 1286 1573 placuisse

139 1570 289 1631 Heinsius
312 1572 404 1634 adh.
428 1574 447 1633 l.
475 1574 607 1645 scribit3
637 1574 694 1635 sed
733 1574 824 1654 Regii
847 1572 917 1634 cod.
940 1572 1113 1634 lectionem
1132 1597 1208 1638 seca
1237 1598 1289 1654 pe·

138 1661 227 1713 recte
251 1652 329 1712 illud
362 1654 437 1716 tuiti
471 1664 545 1714 sunt
576 1657 693 1716 Graes.
733 1671 843 1720 tamur.
876 1654 1036 1737 Equidem
1053 1659 1128 1735 sata
1157 1654 1289 1733 praefe-

138 1732 257 1793 stlo.
302 1734 475 1817 Epistolar.
517 1738 693 1797 Burmanni
737 1759 814 1797 ram.
836 1735 909 1797 Vid.
931 1757 1027 1816 snpra
1051 1758 1079 1794 v.
1102 1734 1170 1800 171.
1193 1740 1287 1798 Laus.

139 1755 180 1875 'Ii
215 1756 266 1875 lit.
297 1838 328 1898 p.
359 1819 429 1886 599²
458 1826 492 1878 et
517 1840 595 1878 vero
626 1819 694 1900 ipse
737 1820 829 1879 Conf.
849 1817 1011 1877 Schrader
1035 1813 1220 1876 Emendatt.
1250 1817 1289 1874 K

140 1897 313 1956 Burmann.
335 1899 374 1959 ad
398 1898 429 1960 h.
452 1899 471 1959 l.
492 1901 695 1960 Sententiam
736 1924 768 1982 p.
791 1899 860 1966 194.
881 1906 947 1964 Hoc
966 1905 1070 1963 saltem
1091 1897 1191 1979 Naug.
1222 1895 1291 1955 edi-

139 1977 184 2037 ita
219 1979 373 2042 Graevius
403 1982 566 2062 exposuit:
599 1982 693 2057 „Sive
738 1983 794 2042 dit.
814 1982 933 2062 Scripti
968 1990 1001 2040 ct
1029 1978 1106 2039 editi
1139 1986 1289 2037 veteres:

138 2057 295 2120 abhorres
318 2085 335 2122 a
358 2084 430 2123 meo
459 2063 628 2143 complexu
661 2073 695 2123 et
738 2060 1001 2144 Osaltcm,quod
1039 2060 1165 2120 robavit
1188 2059 1290 2120 Heiu-

138 2141 235 2223 longe
257 2141 333 2204 hine
355 2145 414 2205 tibi
431 2144 716 2226 aufugiendiani-¹
737 2146 810 2220 sius,
832 2144 935 2206 edidit
955 2144 989 2203 C.
1012 2083 1203 2223 flausingen

309 2354 484 2426 Lannnrn
510 2356 700 2426 annotatio
725 2350 773 2424 ad
798 2352 914 2452 Epist.
940 2350 1024 2440 XV,
1051 2358 1109 2431 82.

203 2509 265 2586 Qui
285 2509 317 2568 in
340 2509 435 2571 editis
457 2510 497 2570 ad
517 2512 702 2573 Lotichium
719 2534 810 2574 suum
834 2511 917 2572 notis
939 2511 977 2571 T.
997 2512 1020 2570 1.
1048 2531 1082 2593 p.
1112 2508 1143 2575 7·
1179 2528 1296 2569 corre·

139 2624 229 2700 ptam
252 2616 291 2677 ab
314 2638 353 2677 eo
377 2618 527 2700 syllabam
547 2627 745 2702 postremam
772 2620 804 2679 in
832 2625 963 2683 macto
989 2618 1095 2699 palam
1126 2616 1296 2699 improba·

137 2732 240 2799 verat,
261 2722 360 2806 idque
382 2724 533 2785 vitiosum
554 2745 621 2785 esse
647 2723 771 2785 dixerat
791 2726 899 2785 Burm.
921 2722 1096 2800 Secundus,
1119 2723 1208 2784 idem
1241 2722 1296 2781 ille

138 2830 172 2890 in
195 2831 342 2912 exemplo
370 2829 522 2891 editionis
549 2829 701 2907 Lotichii,
729 2828 817 2913 quod
843 2850 944 2913 peaes
971 2852 1023 2891 me
1054 2838 1112 2907 est,
1140 2831 1293 2913 plurimis

139 2957 236 2995 manu
258 2933 391 2996 editoris
413 2935 529 3017 passim
550 2937 687 3020 margini
709 2936 876 3017 adscriptis
900 2937 981 2998 notis
1011 2946 1107 2997 aucto
1137 2946 1172 2999 et
1198 2937 1296 2998 locu-

136 3043 271 3126 pletato,
293 3040 496 3124 supradictae
517 3041 717 3103 adnotationi
731 3064 805 3104 suae
824 3043 928 3126 ipsum
945 3043 1031 3103 hunc
1045 3042 1154 3103 Ovidii
1171 3044 1296 3117 locum,

137 3148 194 3209 ubi
217 3156 266 3209 est
286 3154 412 3232 rependo
432 3148 544 3209 ultima
565 3156 728 3229 correpta,
741 3155 776 3206 ut
793 3147 1030 3230 quodammodo
1051 3171 1113 3231 pro
1135 3147 1294 3212 Lotichio

135 3256 534 3338 pugnantem,.apposuit;
556 3252 754 3314 sicut'nlteri
777 3253 882 3316 editae
906 3254 1106 3316 adnotationi
1128 3277 1219 3331 snae,
1254 3250 1295 3313 ad

10 3368 11 3371 ’
135 3359 513 3442 LotichiiElegiar.V1,
537 3362 585 3426 19.
606 3383 638 3441 p.
658 3361 730 3427 351.
752 3359 829 3419 item
849 3368 961 3442 postea
982 3360 1087 3420 iocum
1116 3358 1297 3441 adscripsit

137 3487 174 3527 er
197 3462 290 3526 Ovid.
312 3464 373 3548 Ep.
395 3466 482 3541 xlx,
498 3467 579 3544 903„
603 3465 659 3526 nbi
682 3470 857 3542 estdesino,
869 3473 1029 3545 postrema
1044 3465 1146 3527 brevi.
1162 3466 1298 3527 Vellem

141 3580 247 3633 totum
267 3570 355 3631 hune
377 3570 485 3633 locum
506 3572 547 3632 de
568 3572 723 3654 correpto
752 3570 927 3631 verborum
954 3595 972 3633 o
996 3567 1082 3627 finali
1110 3564 1211 3652 magis
1249 3570 1293 3631 de

136 3676 294 3742 industria
314 3687 492 3741 tractasset.
514 3679 627 3738 Monet
656 3679 724 3758 ipse
754 3677 881 3758 passim,
911 3675 1219 3738 monet-Bentleins
1256 3676 1297 3737 ad

135 3785 247 3848 Horat
270 3787 372 3847 Serm.
395 3787 418 3862 Ι,
438 3785 469 3861 3,
492 3782 571 3859 140„
593 3764 728 3845 monent
749 3782 812 3857 alii,
835 3781 1010 3842 verborum
1042 3779 1131 3841 iliam
1161 3781 1298 3844 literam
1345 3810 1346 3875 ἐ

98 3950 104 3957 .
135 3890 262 3952 finalem
285 3890 369 3973 apud
391 3890 524 3973 Augusti
545 3890 645 3950 seculi
665 3889 841 3969 scriptores
863 3908 928 3947 non
950 3894 1075 3947 temere
1097 3897 1297 3970 correptam

138 3999 297 4059 inveniri:
320 3996 376 4057 sed
396 3994 472 4056 illud
495 4020 556 4058 non
575 4009 683 4059 temere
704 4014 871 4076 quousque
893 4000 1012 4075 pateat,
1034 3991 1102 4052 eliis
1125 3990 1297 4055 definien-

135 4103 212 4165 dum
232 4105 431 4186 relinquunt.
454 4080 572 4162 [diam
600 4088 657 4161 n'os
690 4120 751 4182 pro
780 4098 901 4160 viribus
935 4099 1044 4159 facere
1076 4098 1294 4161 tentabimus.
1345 4120 1346 4133 ¹

92 4226 96 4234 ’
131 4208 281 4272 Tradunt
302 4209 462 4268 Charisius
485 4207 570 4290 apud
590 4206 780 4269 Putschium
800 4226 872 4287 pag.
895 4204 934 4282 ἃ,
955 4202 1131 4266 Diomedes
1159 4203 1292 4265 ibidem

131 4335 164 4397 p.
185 4308 266 4389 430„
289 4310 409 4373 Marius
429 4310 614 4374 Victorinus
636 4309 756 4407 ibidem
773 4305 919 4394 peste,
939 4318 1053 4395 poetas
1074 4317 1201 4371 veteres
1224 4311 1295 4372 La·
