2709 4675
100 15 352 113 Quid,
404 18 462 90 si
516 5 931 91 Phoebeam
976 30 1308 118 peterem
1357 31 1428 89 te
1480 0 1794 116 coniuge
1848 16 2171 104 Troiam,

216 128 515 227 Perque
565 151 799 214 annos
846 150 1199 225 sequerer
1249 125 1447 199 bella
1494 123 1818 227 gerenda
1862 124 2167 201 decem?

106 233 546 336 Penelopen
597 234 846 309 audis:
900 248 1056 307 toto
1111 234 1464 309 laudatur
1512 237 1590 307 in
1641 233 1846 324 orbe,

113 400 120 412 .
184 344 670 445 ⁴Exemplum
722 343 854 417 fidi
905 370 1057 417 non
1110 343 1271 418 leve
1323 344 1514 417 facta
1566 345 1729 416 tori.

2166 352 2388 459 ,80

100 453 252 528 Illa
300 453 463 553 piae
497 487 612 516 ·—
659 454 766 526 sie
814 478 1077 525 rumor
1123 455 1225 527 ait
1270 496 1373 514 —
1417 452 1805 528 mendacia
1853 454 2039 547 telae

188 562 494 644 ‚Struxit
542 575 614 634 et
666 563 1015 636 instantes
1065 560 1354 637 distulit
1402 576 1556 636 arte
1605 588 1910 663 procos;

101 777 293 821 mens
336 756 455 818 tibi
503 755 726 819 eadem
769 765 866 817 est
907 778 1055 842 erga
1084 777 1208 835 me,

100 859 280 924 quae
336 840 458 899 fnit
523 842 688 901 ante'
737 838 959 899 domus
1025 860 1203 900 meae

103 920 575 995 calamitatem,
619 945 753 986 nee
805 935 1050 985 movet
1100 935 1208 998 te,

102 1008 305 1086 quod
352 1006 594 1067 divite
644 1005 849 1086 regia
906 1004 1208 1066 excide-

97 1088 272 1158 rim,
313 1103 433 1142 nee
475 1082 708 1143 Thesei
767 1083 966 1163 patris
1030 1102 1206 1142 casus

103 1176 181 1225 te
249 1161 616 1238 offendunt,
685 1183 806 1224 nee
869 1162 1205 1224 Phaedrae

102 1246 338 1307 matris
408 1244 696 1320 crimina,
757 1264 877 1305 nee
934 1245 1206 1305 infausta

99 1323 269 1387 mihi
347 1333 578 1385 cuncta
657 1326 780 1386 iam
864 1325 1206 1408 auspicia.“

101 1403 308 1486 Quid,
351 1406 402 1464 si
445 1405 508 1465 in
566 1405 740 1467 hune
796 1427 1046 1467 sensum
1111 1408 1206 1466 le-

106 1508 258 1572 gas:
301 1511 408 1551 nec
448 1493 604 1571 quod
643 1492 762 1551 iam
792 1513 914 1551 non
941 1493 1088 1551 mihi
1111 1494 1204 1551 di-

99 1593 204 1636 ues
254 1572 458 1650 Regia,
513 1573 788 1652 Cecropia
842 1594 962 1633 non
1015 1575 1207 1633 minor

100 1674 273 1723 arce,
315 1664 495 1714 movet
535 1683 617 1695 —
658 1658 729 1710 ut
774 1649 878 1711 hie
921 1675 1036 1715 arx
1093 1655 1204 1715 Ce-

102 1735 311 1814 cropia
348 1730 545 1808 (sicut
589 1729 755 1813 apud
784 1723 793 1739 ⁶
818 1731 1003 1791 ovid.
1036 1733 1204 1805 ‚Me-f

104 1822 263 1873 tam.
306 1812 412 1885 vl,
455 1810 586 1888 70.)
638 1813 1033 1896 intelligatur
1096 1835 1201 1872 ru-

97 1915 219 1976 pes
264 1892 390 1952 sive
431 1899 599 1976 πέτρα
663 1900 956 1976 Κεκροπία,
1012 1915 1199 1976 quam

100 1971 447 2034 altitudine
525 1974 699 2060 regia
773 1975 1199 2055 aequaverit?

268 2118 281 2130 ,
929 2061 1118 2121 ΕΒΝΝ.

101 2141 174 2198 ln
222 2135 632 2217 Lennepiana
690 2136 1082 2211 coniectura,
1128 2147 1198 2199 ut

95 2239 245 2279 mea
290 2216 547 2311 quidem
579 2217 798 2299 opinio
831 2219 976 2289 fert,
1014 2219 1195 2278 nimis

100 2307 392 2381 quaesita
437 2308 530 2358 est
555 2299 1005 2379 interpretatio
1034 2300 1194 2361 illius

93 2385 375 2462 Cecropia
435 2406 570 2445 arce
632 2386 844 2459 minor,
902 2403 1019 2442 nee
1075 2384 1196 2443 tri·-

92 2467 243 2543 plex
302 2462 406 2521 illa
467 2464 529 2522 in
597 2462 818 2523 eadem
876 2465 1191 2523 sententia

1359 762 1676 835 Penelopen
1720 762 1895 830 audis,
1950 770 2075 816 toto
2124 759 2381 814 laudetur

1949 849 2015 893 ut.
2054 839 2189 893 orbe
2227 868 2300 879 —

1280 909 1612 1068 ἔξοιῶοᾶο
1675 912 1739 974 in
1799 913 1991 976 Trist.
2051 914 2215 977 Naso
2282 909 2376 989 V,

1359 1077 1564 1144 Cernis,
1619 1085 1684 1131 ut
1736 1072 1954 1134 Admeti
2010 1085 2263 1132 cantetur
2314 1086 2373 1131 et

1846 1157 2296 1221 flectorinuxor.
2327 1164 2333 1172 '

2075 1235 2290 1293 Hsms.

1277 1307 1540 1381 Minime
1583 1330 1740 1392 opus
1784 1319 1913 1382 est;
1959 1332 2078 1371 nee
2109 1319 2374 1370 senten-

1276 1391 1367 1450 tia
1435 1389 1637 1452 iuvari
1714 1391 1868 1451 mihi
1934 1391 2191 1452 videtur
2261 1411 2370 1450 re-

1277 1479 1470 1552 cepto
1512 1495 1548 1532 a
1594 1472 1789 1556 lahno
1831 1482 1979 1554 post
2022 1493 2157 1533 voe.
2199 1476 2369 1536 audis

1275 1552 1454 1634 signo
1501 1553 1957 1637 interrogandi.

1353 1634 1452 1702 80.
1494 1640 1867 1719 Exemplum.
1928 1637 2091 1697 Ven.
2154 1627 2366 1700 1486.:

1271 1721 1628 1799 Exemplum
1666 1721 1769 1781 sibi
1806 1741 1943 1781 cum
1980 1724 2109 1782 leve.
2141 1716 2366 1798 Margo

1271 1799 1545 1858 Bet-snm
1579 1806 1753 1878 fidei,
1796 1818 1959 1880 quae
2016 1805 2112 1859 est
2163 1799 2371 1858 inter-

1270 1876 1553 1962 pretatio
1575 1886 1700 1961 fidi
1736 1885 1866 1944 tori.

1348 1962 1449 2028 8¹.
1491 1967 1648 2027 Piae.
1692 1959 1854 2020 Edd.
1895 1962 2103 2023 Venn.
2136 1966 2205 2020 et
2224 1954 2367 2017 Ald.

1271 2043 1448 2109 1502.
1509 2052 1575 2103 et
1629 2044 1836 2108 1515.:
1892 2047 2002 2125 pie.
2073 2039 2365 2100 Heinsius

1271 2143 1343 2182 ex
1370 2122 1503 2182 Ald.
1533 2124 1708 2188 1533.
1750 2132 1927 2183 recte
1965 2122 2192 2203 probat
2211 2125 2362 2196 piae.

1268 2203 1416 2267 vid.
1462 2213 1591 2264 not.
1636 2204 1715 2264 ad
1757 2203 1959 2285 Epist..
2007 2206 2052 2276 1,
2097 2202 2193 2268 17.

1342 2285 1443 2352 82.
1484 2286 1974 2368 Pr'ocos.Vulgo=
2017 2299 2187 2349 toros.
2230 2278 2358 2343 Sed

1266 2364 1376 2426 diu
1421 2377 1534 2444 est,
1581 2366 1751 2450 quod
1790 2392 1997 2452 procos
2024 2366 2360 2448 corrigen-

1267 2448 1420 2508 dum
1494 2447 1644 2509 vidi.
1725 2449 2074 2510 Confirmat
2129 2444 2196 2506 id
2256 2444 2357 2506 ed.

92 2542 354 2624 negatio
402 2542 584 2602 facile
638 2545 904 2625 probari
957 2553 1190 2627 potest.
1261 2532 1429 2592 Ven·
1476 2531 1650 2598 1492·
1694 2529 1880 2592 Ovid·
1924 2529 2111 2590 Ρῡῐὶῑ·
2158 2528 2265 2603 ῙῘῙ,
2299 2528 2356 2602 1,

91 2624 291 2702 Quid,
334 2624 384 2683 si
426 2624 739 2707 legamus:

172 2754 250 2766 —
285 2742 405 2789 nec,
431 2725 580 2797 quod
608 2728 682 2777 sit
710 2734 820 2779 tam
860 2726 995 2780 mihi
1035 2727 1187 2781 dives

250 2805 414 2873 Regia
479 2802 743 2874 Cecropia
800 2822 948 2858 nune
1007 2808 1184 2858 minus

667 2898 808 2945 arce,
849 2892 1037 2935 movet.
1072 2914 1142 2925 —

87 2989 253 3044 „nec
300 2976 538 3044 movet,
599 2968 771 3050 quod
834 2991 1003 3030 nune
1062 2970 1183 3029 mi-

87 3071 200 3108 nus
248 3056 412 3124 (non
458 3052 755 3131 amplius)
801 3053 1037 3133 regiam
1081 3050 1181 3110 di-

85 3132 280 3190 vitem
313 3130 375 3189 in
399 3152 545 3192 arce
570 3133 883 3212 Cecropia
908 3132 1178 3193 haheo.“

164 3211 262 3277 76.
285 3217 513 3278 Omine·
531 3215 693 3275 Ven.
717 3216 927 3282 1486.=
955 3222 1175 3294 omnia,

82 3293 351 3353 solemni
393 3298 891 3376 permutatione.

155 3387 254 3464 77,
296 3393 645 3454 Pltoebeam.
691 3391 836 3454 Vid.
869 3391 948 3452 ad
982 3390 1168 3454 Ovid.

84 3459 278 3546 Epist.
325 3471 370 3545 l,
409 3471 509 3535 67.
553 3481 621 3531 et
662 3475 832 3549 xvi,
876 3475 1010 3540 182·

1251 3495 1474 3576 Margo
1516 3496 1754 3557 Bersm.
1776 3520 1791 3555 ι
1832 3509 2026 3559 noctu.

1261 2612 1400 2680 107.
1446 2615 1583 2680 108.
1704 2635 1714 2644 ·

1331 2713 1560 2767 Aemula
1574 2713 1878 2783 Penelopae
1897 2712 2069 2775 fieres,
2089 2710 2135 2761 εἰ
2161 2706 2378 2807 fraude‘

1429 2871 1700 2921 Instantes
1738 2867 1907 2920 velles
1942 2786 2358 2933 saltefgdxilnzta

2004 2960 2018 2965 ·
2056 2957 2274 3012 procos.

1261 3022 1516 3082 Metam.
1559 3020 1640 3094 X,
1678 3017 1818 3084 568.

1334 3134 1409 3146 ..-
1434 3132 1508 3145 -..
1530 3135 1599 3147 -
1631 3134 1700 3147 -
1773 3103 2066 3157 instantem
2133 3096 2353 3152 turbam

1698 3182 1945 3233 violenta
1983 3193 2275 3250 procorum

1333 3257 1667 3313 Conditione
1703 3258 1875 3330 fugat.

2009 3341 2022 3356 '
2049 3333 2267 3393 Herus·

1329 3414 1432 3480 83.
1511 3420 1722 3479 Noetu.
1805 3410 2051 3493 Vulgo:
2145 3411 2347 3473 noetis.

2108 3491 2344 3558 Recte;

156 3562 255 3628 79·
300 3570 522 3635 Audis.-
563 3581 682 3635 toto
720 3575 999 3637 laudatur
1037 3576 1074 3637 ἰ.
1114 3599 1167 3639 ο.
1250 3585 1335 3739 pl}
1387 3584 1616 3728 palam1
1620 3578 1725 3726 Et
1790 3578 1955 3654 luce,
2020 3569 2341 3640 interdiu;

1340 3680 1437 3721 ue.
1478 3680 1536 3721 v.
1703 3701 1718 3717 ·

85 3642 244 3707 Malo
261 3669 277 3705 t
