2709 4675
154 249 226 322 326
500 241 799 318 EPISTOLA
830 241 949 318 xlv.

155 388 334 490 Undique
360 388 551 486 collucent
574 389 808 490 praecinctae
835 386 1023 490 lampades
1048 409 1159 480 aur03
1259 396 1307 469 25

202 500 351 571 Dantur
375 499 414 570 in
439 500 573 571 invitos
599 500 713 598 impia
737 511 823 571 tura
847 497 973 591 locos3

153 606 297 706 Vulgus
310 609 496 708 ,‚Hymcn,
510 609 750 707 Hymenaee“
763 621 915 682 vocant:
932 607 1027 710 fugit
1043 606 1105 681 ille
1119 624 1310 703 vocantes3

203 719 287 818 Ipsa
313 718 409 791 lovis
435 720 573 792 coniux
600 718 708 790 cessit
734 717 782 790 ab
810 717 904 790 urbe
929 743 1006 791 sua.

157 832 259 905 Ecce
284 854 390 903 mero
416 828 535 917 dubii,
563 829 745 902 comitum
771 826 933 901 clamore
958 828 1185 929 frequentes,

205 940 317 1015 Flore
342 964 440 1012 novo
466 937 636 1011 madidas
662 937 889 1039 impediente
915 963 1050 1027 eomas,
1264 951 1311 1021 30
1351 957 1352 964 ’

157 1136 305 1197 Heinsius
344 1136 491 1217 recepit,
532 1136 712 1218 ferocum
754 1132 851 1194 dicta.
880 1131 953 1194 Vid.
977 1134 1079 1217 Epist.
1103 1136 1142 1212 ΙΙ,
1168 1133 1223 1202 41.
1246 1139 1314 1202 Ur.

157 1219 344 1279 Hermanno
379 1218 399 1277 l.
435 1218 454 1276 Ι.
499 1215 710 1299 quaesierim:
753 1216 828 1275 bern
849 1224 956 1275 autern
980 1218 1107 1276 lunonis
1129 1228 1229 1279 vocat
1254 1225 1314 1282 Ar-

156 1300 259 1377 „Quis
283 1308 347 1357 tum
370 1299 571 1380 ineleganter
595 1297 712 1378 loquu-
754 1318 819 1438 fios,
840 1297 896 1356 ubi
919 1299 997 1357 luno
1019 1299 1195 1380 praecipue
1222 1306 1314 1362 cole—

155 1391 225 1439 turn
248 1378 534 1456 credntOvidrum,
551 1388 594 1454 ut,
612 1400 712 1459 quum
778 1388 858 1437 atur.
896 1378 986 1458 (Vid.
1010 1379 1121 1438 Horat.
1145 1379 1209 1439 Od.
1236 1386 1261 1462 l,
1289 1385 1317 1460 7,

153 1469 302 1527 subrecta
322 1458 711 1544 Pelasgidixisset,deinde
752 1461 783 1525 8.
804 1460 913 1541 ibique
942 1460 1118 1521 Mitsehcrl.
1151 1461 1246 1546 Virg.
1278 1471 1312 1525 A.

156 1548 262 1626 ηοοῐρὶι
282 1550 377 1607 aede
397 1542 614 1602 subiiceret?“
635 1539 713 1600 Iabn
754 1543 778 1618 1,
798 1540 848 1605 24.
871 1541 981 1624 ibique
1001 1542 1142 1624 interpp.
1158 1548 1314 1618 L.]C10p,

155 1624 293 1705 scripsit,
316 1633 353 1683 ut
374 1633 422 1684 est
443 1626 475 1684 in
495 1618 600 1684 Gutlf.
613 1624 653 1697 3.,
668 1621 711 1699 4.,
799 1627 875 1687 Urbe
894 1647 956 1689 sue.
977 1621 1132 1704 Sequitur
1155 1626 1229 1685 illos
1257 1651 1315 1687 au·

156 1707 300 1781 Helmst.‚
338 1706 438 1765 Giess.
479 1714 512 1766 et
549 1705 711 1763 nonnullis
754 1711 859 1764 utores
882 1705 973 1774 Naso,
998 1704 1052 1785 qui
1074 1704 1136 1765 hoe
1159 1709 1254 1790 Argis
1268 1710 1316 1769 fa·

28 1846 33 1861 ,
109 1790 115 1796 “
157 1787 295 1848 Heinsii:
325 1792 393 1865 ille,
429 1784 517 1868 quod
552 1787 713 1860 Graecum
754 1793 841 1845 ctum
866 1806 931 1846 esse
955 1794 1099 1845 narrant.
1126 1785 1198 1849 Vid.
1233 1791 1314 1874 Hyg.

155 1879 253 1942 ἐκεῖνος
289 1877 380 1944 esset,
416 1866 456 1928 de
488 1889 552 1950 qno
589 1866 713 1927 dietum
754 1868 790 1928 F.
813 1865 882 1933 168.
905 1875 938 1926 et
953 1865 1315 1950 Schol.Aeselryl.Pro·

158 1959 206 2010 est
227 1948 268 2009 ad
289 1949 390 2030 Epist.
415 1951 452 2025 ΙΙ,
472 1947 713 2029 Qualihipta-
754 1947 851 2008 meth.
885 1947 956 2013 85⁴2.
991 1947 1054 2018 Sed
1088 1949 1247 2011 Libauius
1281 1955 1312 2012 in
1351 2011 1352 2014 ,

158 2039 211 2092 eet
243 2031 261 2089 l.
298 2032 513 2112 plurimorum
551 2028 646 2091 codd.
680 2037 714 2090 et
753 2029 998 2090 Narrationibus
1021 2029 1191 2091 nbAllatio
1215 2032 1313 2093 editis

129 2125 132 2130 ⁴
156 2112 300 2184 omnium
324 2121 470 2173 veterum
486 2109 569 2187 edd„
586 2121 619 2172 et
637 2119 713 2170 ante
755 2133 782 2172 c.
803 2112 853 2174 22
877 2108 965 2186 dicit,
981 2113 1126 2172 Danaum
1175 2122 1227 2173 ost
1248 2114 1313 2174 hoc

163 2193 328 2254 Heinsium
360 2195 500 2276 vulgata:
525 2198 595 2276 ipsc,
626 2191 714 2275 quod
753 2199 978 2288 perpetratum
1001 2193 1122 2253 facinus
1144 2133 1315 2276 Hagisseet

162 2276 328 2357 eleganter
363 2282 396 2333 et
424 2273 583 2338 Ouidiano
621 2294 713 2334 more
755 2296 787 2334 sn
823 2273 1083 2355 Peloponnesum
1118 2273 1315 2355 advectum,

161 2356 234 2415 voci
257 2369 389 2420 armatas
404 2357 591 2438 opponitur,
607 2357 715 2416 etsin-
754 2356 897 2438 potitum
919 2357 1037 2438 Argivo
1059 2378 1172 2439 regno.
1201 2356 1315 2422 Burrus.

163 2434 278 2519 gulare
297 2437 401 2496 soceri
420 2436 558 2497 officium
575 2447 608 2497 et
622 2458 715 2498 secu·
794 2439 844 2502 29.
867 2441 1012 2501 Comitum
1023 2445 1152 2503 elamore
1161 2444 1318 2521 frequen-

165 2520 296 2577 ritatem
340 2518 505 2602 significat.
554 2519 715 2601 Excerpta
754 2533 808 2594 tes,
834 2539 895 2599 pro
923 2525 1071 2583 uenture
1097 2527 1191 2584 nntlto
1220 2528 1319 2587 conri-

154 2601 244 2681 lun:
265 2602 343 2663 inde.
755 2615 819 2663 tum
843 2607 990 2679 elamore,
1023 2602 1081 2661 etsi
1116 2603 1228 2682 paullo
1265 2604 1319 2662 di-

204 2683 253 2747 95.
275 2687 473 2746 Praecinetae.
502 2680 642 2756 Cinctae,
665 2682 717 2742 in·
757 2691 845 2741 etum
867 2690 915 2743 est
931 2681 1091 2755 audacius,
1106 2681 1185 2743 mihi
1202 2694 1315 2745 tamen
1351 2754 1352 2757 Ἰ

164 2763 279 2823 clusae.
303 2764 399 2829 Conl'„
416 2764 517 2845 Epist.
541 2764 592 2839 lV,
614 2764 662 2830 71.
756 2762 861 2822 adhue
894 2762 1147 2845 praeferendum
1182 2766 1320 2826 ridetur
1351 2766 1352 2773 ’

204 2845 253 2909 26.
274 2850 388 2909 Invitos.
433 2845 537 2920 Inviti,
570 2844 715 2906 nolentes
757 2844 959 2904 eruditorum
980 2843 1320 2906 virorumconiectu·

83 2930 86 2937 '
164 2926 229 2985 foci
252 2924 406 2985 dicuntur
434 2927 580 3007 apposito
611 2948 629 2984 a
658 2927 716 2986 diis
757 2928 811 3001 ris,
833 2926 948 3007 quibus
972 2924 1046 2985 huic
1061 2929 1134 2986 loeo
1151 2927 1320 2988 medelam

165 3006 204 3066 nd
232 3008 320 3066 focos
354 3009 517 3067 translato.
559 3008 612 3067 Sic
640 3008 717 3068 alibi
757 3008 864 3084 facere
897 3009 1004 3067 conati
1038 3017 1123 3084 sunt,
1150 3034 1177 3073 c.
1205 3016 1323 3089 aste·

121 3155 124 3159 ,
162 3094 254 3171 impia
274 3105 418 3170 turepro
440 3096 476 3153 ab
496 3095 590 3173 impiis
610 3096 717 3154 obtata.
757 3094 866 3182 quenti,
896 3087 983 3171 quod
1013 3088 1131 3149 Ulitius
1170 3092 1321 3152 malebat

164 3170 243 3231 Cod.
266 3170 375 3235 Burb.:
397 3177 429 3234 in
449 3175 592 3253 antiquos.
683 3200 688 3208 ·
758 3192 791 3229 ru
815 3172 876 3230 Cit.
907 3169 946 3229 ad
978 3169 1086 3230 Heius.
1120 3171 1237 3252 Epist,
1272 3198 1323 3236 se-

205 3252 254 3315 97.
277 3258 454 3340 lij‘mencee.
471 3258 644 3340 Hymenaee
664 3251 719 3312 hic
762 3267 866 3334 quante
879 3252 927 3311 vel
932 3256 1095 3330 fremente,
1106 3251 1193 3334 quod
1204 3254 1323 3313 Burm.

164 3341 199 3394 et
219 3334 320 3414 Epist.
342 3336 411 3410 ΧΗ,
433 3333 502 3400 143.
519 3334 630 3415 scripti
650 3335 720 3395 fere
762 3331 1004 3393 coniieiebatad
1017 3334 1046 3392 h.
1067 3335 1098 3411 l.,
1137 3333 1201 3393 rius
1219 3336 1323 3395 etiam

165 3436 275 3474 omnes
298 3436 371 3474 eum
395 3416 718 3497 vulg.‚exceptoPut.
762 3414 928 3475 adstruere
942 3423 1073 3474 conatus
1089 3356 1225 3509 adl'irg.
1239 3419 1324 3476 Aen.
1351 3460 1352 3497 q

163 3496 349 3576 Perpernm.
372 3496 443 3556 Vid.
466 3495 506 3555 ud
529 3497 630 3577 Epist.
648 3500 718 3573 ΧΗ,
761 3498 815 3573 IX,
837 3498 906 3562 466.
928 3497 1074 3578 Languet
1096 3497 1182 3557 euim
1205 3507 1254 3556 sta
1268 3492 1274 3507 “
1289 3499 1323 3556 iu

165 3578 236 3643 143.
271 3582 381 3643 Hero.
421 3583 591 3665 Hymenaee
622 3581 719 3638 etiam
761 3578 823 3638 fine
837 3578 1026 3637 collocatum
1040 3578 1252 3659 participium
1268 3582 1324 3658 (et

162 3656 232 3716 Erf.
266 3668 300 3717 et
334 3658 430 3721 Goth.
470 3663 498 3725 1.
538 3682 610 3719 cum
645 3658 718 3720 cdd.
760 3658 957 3719 concinnitas
980 3659 1076 3719 etiam
1099 3662 1196 3740 perit,
1233 3681 1324 3741 quae

163 3741 260 3821 Naug.
275 3747 308 3799 et
322 3741 361 3799 al.
384 3741 518 3801 Plurulis
538 3757 646 3806 vocent
664 3743 719 3802 lir-
761 3741 850 3800 estin
863 3746 1149 3824 drmii,srequcntes,
1165 3746 1246 3805 lacti
1258 3743 1325 3819 L.).

163 3829 270 3883 matur
292 3823 387 3882 ctiam
409 3843 488 3883 voce
509 3826 717 3889 vocantes.De
760 3823 825 3882 Nec
846 3824 871 3881 si
894 3842 970 3882 vera
1000 3831 1081 3882 esset
1116 3823 1217 3882 lectio
1243 3830 1326 3902 sre-

150 3907 237 3987 firgit
255 3907 306 3966 itte
326 3904 412 3963 conf.
434 3900 536 3986 Epist.
547 3908 633 3981 xxi,
649 3905 717 3971 157.
759 3909 868 3987 quenti,
896 3903 984 3963 illum
1011 3904 1208 3986 scriptorum
1238 3904 1324 3963 libu
1351 3918 1352 3941 ¹

163 3996 196 4049 ct
218 3984 273 4059 xl,
294 3988 363 4051 101.
760 4006 950 4046 consensum
980 3984 1161 4045 videremus
1195 3986 1233 4045 in
1264 4007 1325 4045 er·

200 4065 249 4129 98·
284 4070 354 4149 Ipse
384 4070 458 4130 Iouis
490 4073 606 4132 eoniue.
637 4068 717 4127 Nam
761 4067 926 4149 quisitiore
936 4071 1117 4148 frequentes.
1134 4067 1192 4126 Est
1203 4075 1325 4127 autem

163 4145 260 4204 etium
282 4147 360 4206 luno
382 4142 557 4208 vocabatur
586 4148 625 4209 nd
656 4172 717 4208 nu·
747 4153 1044 4231 frequeusuliquare
1056 4170 1116 4228 pro
1131 4148 1325 4223 abundans,
1351 4166 1352 4237 3

162 4225 260 4306 ptins;
291 4227 376 4288 uude
413 4236 447 4288 et
477 4239 612 4313 pronuba
638 4237 715 4297 luno
758 4230 1324 4313 plenus,·vel‚utHubertexplieat,
1351 4240 1352 4247 ’
