2709 4675
143 261 217 340 294
465 279 634 333 lnuunus
658 283 704 330 nn
729 277 966 330 conmcnnnn.

143 402 246 487 Epist.
259 405 311 469 IV.
327 405 360 467 in
377 415 489 469 annot.
505 406 546 468 ud
559 426 588 467 v.
604 401 654 474 40.
669 412 742 487 post
760 423 875 465 vocem
886 408 1018 471 studium
1037 398 1139 463 adde:
1162 397 1303 463 Sedzita

227 515 368 579 ieulieium
387 513 420 575 h.
443 514 463 574 l.
484 534 545 597 pro
567 511 673 573 studio
703 510 846 593 ponitur,
875 516 913 568 ut
942 506 982 569 ud
1011 505 1180 590 proprium
1214 505 1323 583 vim,·

139 596 144 609 ’
230 637 312 697 quae
334 627 382 680 est
402 618 435 679 in
449 614 630 693 iudicando,
645 616 792 683 revocari
808 614 916 698 possit.
930 610 1003 675 vid.
1018 611 1060 673 ud
1072 611 1175 694 Epist.
1188 612 1228 689 ll,
1243 610 1303 676 77.

163 725 258 787 -in
282 733 392 788 annot.
414 724 575 793 adv.67.
598 725 670 785 loco
702 730 848 788 Troezena
873 719 1045 804 legendnm
1069 727 1228 800 Troezene,
1265 730 1305 783 et

228 829 269 891 ud
300 853 330 893 v.
358 826 410 900 81
437 833 511 894 loeo
534 838 698 897 Troezenae
715 830 787 912 lege
810 834 976 909 lloezene5
997 826 1076 886 ilem
1097 823 1139 886 ad
1157 847 1188 887 v·
1222 825 1307 893 107.

201 1012 203 1017 .
229 942 383 1004 Tloezenis
402 939 474 999 loeo
502 944 672 1004 lloezenae.

166 1043 262 1103 -in
295 1053 404 1105 annot.
436 1043 476 1106 ad
508 1067 538 1104 v.
563 1044 614 1111 81.
643 1052 718 1125 pust
745 1041 846 1103 verbu
876 1048 1070 1126 quodeunque
1098 1046 1163 1124 agis
1190 1039 1306 1104 addet

230 1149 354 1228 Quodsi
375 1148 480 1212 ndhue
501 1148 639 1224 dubites,
660 1148 746 1209 conl.
759 1148 909 1230 Propert.
931 1149 970 1224 ll,
991 1151 1020 1224 1,
1042 1147 1090 1214 15.

69 1286 76 1299 1
169 1288 210 1302 -
231 1254 392 1318 adaunot.
414 1256 455 1319 ud
476 1279 505 1317 v.
528 1256 615 1325 105.:
637 1256 737 1315 Immo
759 1252 984 1339 intelligendus
994 1261 1042 1314 est
1054 1258 1189 1317 isthmus
1204 1259 1306 1321 ntue-

234 1369 323 1442 zenis‚
344 1360 385 1425 de
408 1383 472 1446 quo
494 1361 614 1423 diserte
635 1361 782 1444 loquitur
802 1360 935 1424 Pausuu.
957 1361 989 1444 in
1009 1360 1156 1421 Corinth.
1170 1362 1211 1422 ll.
1231 1363 1307 1423 Nee

231 1471 383 1555 prosectu
403 1477 502 1554 poeta
523 1473 586 1534 tte
615 1474 763 1534 lluezena
781 1472 889 1544 colum,
910 1452 975 1527 ned
1005 1487 1085 1528 veru
1113 1472 1305 1535 Pittheia

231 1602 323 1663 regna
342 1577 479 1653 dixisset,
500 1575 526 1636 si
544 1573 699 1634 Isthmum
721 1571 964 1633 Corinthiacum
984 1572 1205 1635 intellexisset.

169 1718 210 1733 -
230 1685 264 1745 in
286 1692 396 1746 annot.
417 1681 500 1744 adv.
522 1681 591 1748 157.
612 1690 687 1765 post
707 1682 844 1743 verbum
864 1686 994 1746 eruuntiet
1022 1678 1121 1742 udde:
1155 1678 1236 1745 Vid.
1260 1684 1306 1747 ad

231 1789 333 1874 Epist.
354 1790 518 1868 xx‚'125.

172 1931 213 1945 -
235 1895 275 1958 nd
297 1904 407 1959 unnot.
430 1892 470 1955 ud
492 1917 521 1956 v.
544 1896 613 1963 159·
636 1892 737 1955 udde:
759 1893 860 1955 vict:
883 1900 965 1977 Quid
982 1898 1028 1957 sit.

147 2001 249 2085 Epist.
271 2003 309 2064 V.
342 1999 384 2063 ud
411 2010 521 2065 annot.
552 2000 593 2064 nd
622 2023 651 2062 v.
676 1999 708 2067 0
741 1998 840 2071 udde:
874 1999 951 2063 Cod.
981 1998 1121 2062 chartae.
1152 2001 1304 2067 Heinsii:

227 2113 358 2192 indigna.
679 2116 682 2125 '

42 2280 44 2289 .
165 2246 207 2262 -
228 2214 260 2274 in
282 2223 392 2276 annot.
413 2213 454 2276 ud
475 2238 505 2276 v.
529 2216 578 2282 11.
607 2223 682 2298 post
711 2236 825 2277 vocem
857 2220 963 2280 habeat
982 2214 1083 2278 udde:
1105 2235 1143 2284 et.

171 2318 265 2380 -in
296 2327 405 2382 annot.
433 2317 475 2383 nd
502 2342 531 2381 v.
562 2320 632 2402 152.
669 2343 730 2407 pro
764 2338 792 2389 et
817 2339 916 2389 metro
943 2322 1116 2408 legendum
1136 2330 1254 2395 dieitur
1277 2349 1307 2397 et
1353 2343 1354 2364 ³

232 2438 340 2489 nostro.

152 2529 257 2614 Epist.
278 2531 333 2595 Vl.
354 2531 396 2594 ud
415 2542 526 2597 annot.
548 2533 588 2596 nd
608 2557 640 2596 v.
659 2535 691 2601 3.
713 2534 813 2599 udde:
835 2525 925 2599 Unus
946 2535 1049 2600 Mon:
1070 2545 1267 2609 ineolwnem.
1352 2593 1353 2604 .

172 2636 275 2701 -ud
307 2647 417 2702 unnot.
452 2639 493 2702 ud
521 2663 550 2703 v.
577 2642 628 2726 30
655 2640 754 2703 adde:
789 2645 888 2705 lmmo
919 2645 1309 2744 intelligendumzxfflix,

120 2749 125 2759 '
235 2766 340 2829 aegre,
360 2754 532 2831 postquem
558 2748 687 2827 iuravit,
715 2748 791 2811 deos
822 2759 919 2813 testes
947 2750 1126 2832 advocavit,
1160 2757 1311 2840 credidi,

236 2851 333 2915 fidem
354 2854 485 2917 habui.“

171 2994 214 3009 -
233 2971 344 3023 annot.
366 2961 406 3022 ud
432 2985 462 3025 v.
484 2962 534 3030 03.
563 2963 660 3025 velim
688 2966 733 3027 sie
764 2964 892 3051 retingi3
924 2969 1107 3032 Cudeute'bue.
1140 2967 1196 3028 Sie
1228 2990 1311 3032 cnm

237 3068 322 3151 vulg.
347 3089 456 3130 omnes
478 3078 556 3131 vett.
579 3069 652 3131 ed'd.
675 3081 710 3136 et
731 3071 823 3154 longe
844 3071 975 3154 plurimi
1007 3069 1112 3148 codd„
1145 3092 1210 3155 pro
1241 3095 1313 3157 qun

236 3174 377 3237 lectione
397 3178 597 3237 Burmannus
620 3198 656 3239 ex
677 3198 742 3238 uuo
766 3178 854 3238 Gott.
876 3179 1003 3259 recepit
1011 3182 1186 3262 fluentibus,
1204 3199 1312 3262 quum

194 3315 197 3321 ·
237 3281 432 3367 scripturum
452 3281 706 3366 cudexssquoque
726 3283 822 3343 Tnev.
844 3271 982 3346 exhibet.
1024 3288 1070 3348 Ac
1101 3307 1186 3362 saue,
1222 3309 1312 3370 pro-

234 3390 341 3475 priam
362 3390 387 3451 si
406 3388 472 3451 vim
494 3389 581 3451 vocis
601 3392 770 3455 coutentium
791 3396 926 3473 spectes,
940 3399 1076 3453 naturae
1098 3393 1147 3454 rei
1169 3413 1311 3455 accum-

236 3496 399 3560 modntion
417 3495 567 3559 videntur
586 3496 684 3558 lectio
694 3502 864 3581 flueruibns.
886 3497 1065 3575 Quomiuus
1084 3506 1193 3561 tumen
1229 3523 1311 3564 cum

236 3606 422 3664 Burmuuuo
449 3603 494 3664 itu
521 3600 880 3686 scribendum-putem,
908 3613 1041 3688 praeter
1073 3606 1312 3673 auctoritatem

237 3711 326 3772 illam
346 3710 504 3773 librorum
527 3709 633 3772 obstat
653 3718 825 3792 poetarum
855 3710 888 3774 iu
915 3711 978 3773 hoe
1006 3733 1127 3796 genere
1156 3714 1310 3796 libertus,
1347 3705 1348 3748 l

157 3833 160 3842 “
239 3825 273 3878 et
293 3815 368 3893 loci,
390 3815 490 3900 qualis
511 3815 608 3877 Trist.
632 3817 804 3894 111‚5‚13.

311 3939 347 3992 Et
365 3938 491 3993 lacrimae
510 3956 624 3994 cerneus
644 3941 673 3993 iu
693 3940 800 4013 singula
817 3938 901 3994 verbs
919 3938 1049 3995 cadentes
1071 3972 1110 3988 -η

240 4057 275 4113 et
297 4048 375 4112 ibid.
398 4054 421 4130 l,
440 4054 471 4129 3,
493 4050 543 4121 18.

349 4171 440 4226 imbre
458 4191 508 4244 per
527 4174 652 4247 indignus
671 4192 759 4250 usque
778 4174 893 4230 cadente
913 4192 1003 4246 geum.

175 4318 215 4331 -
235 4282 276 4346 nd
297 4287 407 4345 innunt.
427 4283 468 4346 nd
490 4309 517 4347 v.
540 4286 588 4355 70.
611 4287 711 4350 udde:
738 4289 857 4351 Duum:
881 4299 902 4353 d
922 4292 1059 4353 lacrimis.
