2709 4675
155 213 277 280 mn

157 426 266 498 tum
289 437 392 498 mea
410 437 573 518 caussa,
601 425 657 507 ut
686 402 960 534 intelligam,
985 436 1047 498 an
1073 423 1121 496 et
1144 426 1310 527 quate·

114 631 128 648 χ
156 576 250 638 nus
270 548 317 639 id
321 546 782 674 ,quodpropositum
802 546 908 658 suit,
920 546 1178 638 videaresse
1196 580 1311 639 con·

119 703 351 800 secutus,
393 711 440 779 et
481 708 720 810 quantum
776 688 835 777 ab
869 684 1075 778 aliorum
1122 686 1311 779 iudicio

160 825 460 919 incitamenti
486 827 548 920 sit
566 827 626 917 ad
654 827 767 918 haee
794 825 990 919 Nasonis
1018 795 1176 922 studia
1205 862 1313 955 pen

119 995 126 1016 ’
152 969 387 1090 sequenda
404 990 450 1060 et
462 967 654 1060 Amores
671 1000 875 1090 quoque,
886 959 1048 1060 eodem
1059 968 1151 1058 fere
1160 970 1313 1062 modo

154 1141 182 1198 a
217 1140 294 1200 me
325 1109 508 1202 tractari
540 1131 734 1236 coeptos,
769 1107 896 1200 brevi
935 1110 1162 1218 edendos;
1195 1131 1311 1232 tum

155 1271 202 1339 et
236 1253 382 1377 magis
413 1250 558 1376 ipsius
592 1248 705 1348 libri
738 1281 903 1364 caussa.
956 1248 1076 1341 Nam
1112 1281 1208 1373 qua
1241 1275 1316 1345 est

154 1389 378 1516 singulari
401 1368 696 1502 liberalitate,
712 1355 954 1514 pollicitus
984 1412 1050 1482 est
1066 1386 1317 1504 librarius,

156 1530 396 1654 quidquid
430 1565 484 1623 ex
506 1529 698 1657 proprio
724 1530 884 1621 studio
914 1552 1056 1653 atque
1091 1533 1318 1625 auimad

52 1771 55 1778 f
156 1671 365 1763 versione
394 1694 478 1763 aut
496 1704 549 1762 ex
575 1669 782 1762 aliorum
808 1669 995 1762 iudiciis
1022 1703 1074 1760 ac
1104 1673 1320 1765 monitis

46 1912 49 1916 Δ
156 1811 347 1939 posthac
379 1811 500 1904 mihi
532 1811 688 1903 visum
723 1809 867 1901 luerit
897 1809 949 1901 in
975 1810 1067 1902 bac
1094 1810 1321 1906 editione

61 1941 63 1946 ’
156 1952 487 2079 corrigendum
535 1961 621 2044 aut
661 1950 1039 2077 adiungendum,
1074 1949 1124 2043 id
1161 1984 1322 2046 omne

154 2126 202 2185 se
242 2081 513 2225 appendebas
549 2090 697 2186 loco
685 2122 737 2182 1n
771 2089 1090 2218 singularibus
1134 2089 1325 2186 chartis

155 2233 295 2360 gratis
333 2233 625 2323 additurum.

228 2362 497 2478 Scribebam
529 2384 764 2513 Augustae
801 2384 1103 2483 Trevirorum
1141 2344 1332 2485 Mense'

22 2536 26 2543 '
155 2524 269 2618 Iulii
305 2559 344 2617 a
386 2523 810 2621 MDCCCXXVIII
