2709 4675
90 255 185 358 ⁸IV

140 443 406 571 professoris
423 441 690 567 Lipsiensis,
710 440 846 532 cuius
862 472 999 566 opera
1018 440 1172 530 nescio
1191 470 1291 562 quo
1314 451 1317 454 ’

141 617 247 678 meo
278 584 373 676 lato
405 581 531 674 hanc
568 580 831 674 editionem
865 580 1142 692 Heroidum,
1169 612 1291 702 quae

143 728 238 818 iam
261 726 450 816 dudum
485 722 676 850 publice
696 722 901 814 indicata
918 755 970 814 ac
991 722 1084 814 sere
1098 720 1293 848 penitus

139 864 352 959 absoluta
375 887 484 978 erat,
511 862 731 991 paullum
758 864 1007 991 praevertit
1029 871 1194 986 ‘neque
1220 893 1294 952 ex·

65 1026 71 1046 ⁸
144 1009 302 1136 iguem
337 1028 519 1132 partem
555 1003 777 1134 gloriolae
810 1037 863 1097 ac
896 1003 1127 1115 novitatis
1142 1034 1293 1127 quam

121 1149 255 1242 haee
286 1180 388 1240 mea
412 1180 465 1239 ex
492 1144 581 1238 illo
607 1145 716 1238 loeo'
736 1143 896 1239 luisset
918 1145 1149 1258 habitura,
1167 1175 1295 1271 prae·

147 1289 403 1415 occupavit.
440 1286 531 1381 Sed
556 1310 717 1380 tamen
736 1320 813 1379 mc
835 1320 936 1380 non
959 1286 1181 1414 poenitet,
1211 1281 1296 1376 ali-

33 1543 36 1550 *
144 1429 366 1556 quam'in
385 1462 436 1550 ea
458 1461 506 1520 re
522 1461 711 1555 operam
732 1449 875 1551 atque
904 1427 1188 1520 industriam
1205 1425 1298 1518 col-

146 1571 325 1686 locasse,
353 1603 509 1695 quum
537 1571 680 1662 etiam
708 1568 937 1697 praeclara
974 1569 1054 1660 illa
1092 1567 1298 1659 recensio

146 1711 284 1804 lahni
323 1712 432 1805 satis
465 1710 650 1839 largam
682 1709 927 1804 materiem
960 1709 1205 1833 reliquerit
1238 1711 1297 1820 de

145 1852 309 1946 Ovidii
335 1847 843 1979 carminumscriptura
864 1854 1157 1944 emendanda
1175 1850 1298 1941 bene

146 1995 375 2087 merendi.
411 1990 554 2108 Quod
592 2015 752 2085 tamen
783 1994 976 2085 nonita
1007 1994 1126 2107 dico,
1159 1979 1294 2114 quasi

147 2135 295 2227 huius
314 2135 404 2258 viri
426 2133 593 2226 merita
621 2133 829 2261 maligne
857 2135 1132 2226 deminuere
1152 2157 1297 2255 atquc

148 2278 399 2395 detrectare
416 2273 573 2389 velim,
602 2274 857 2399 dequibus
889 2309 969 2406 ego
995 2309 1141 2398 quam
1168 2307 1295 2402 prae-

43 2479 49 2487 ·
148 2417 268 2510 'clare
292 2419 508 2532 sentiam,
535 2417 630 2509 iam
660 2416 754 2508 alio
788 2416 888 2509 loeo
917 2421 959 2540 ’ἢ
995 2443 1041 2510 et
1063 2417 1218 2544 palam
1246 2442 1295 2511 et

146 2558 368 2687 pluribus
399 2592 507 2651 sum
543 2559 794 2685 professum
822 2593 986 2653 verum
1016 2593 1096 2687 ego
1131 2559 1197 2651 sic
1223 2591 1296 2652 ex·

150 2701 330 2792 istimo:
347 2701 406 2791 ad
422 2700 647 2791 omnium
665 2699 828 2792 Ovidii
849 2701 1119 2792 carminum
1139 2733 1297 2791 emen,

149 2842 418 2933 dandorum
448 2872 628 2932 munus
662 2840 1122 2965 riteabsolvendum
1161 2838 1296 2967 perli-

149 2983 469 3106 eiendumque
497 2981 644 3073 unius
668 2982 882 3073 hominis
906 3016 1060 3106 neque
1086 2983 1203 3074 vires
1226 2982 1297 3074 in·

147 3122 288 3250 genii,
320 3156 477 3247 neque
508 3123 750 3213 doctrinae
782 3124 979 3250 copiam,
1005 3156 1159 3246 neque
1186 3157 1294 3216 vero

47 3362 58 3377 ,
148 3263 1294 3395 uniushominisbrevitatemvitaepossesufficere.

202 3398 276 3496 ‘ln
312 3405 543 3531 scriptura
581 3402 729 3531 igitur
771 3406 1115 3517 constituenda,
1147 3438 1295 3528 quam

113 3544 354 3671 primam
391 3569 572 3673 partem
617 3545 764 3636 huius
792 3549 943 3673 operis
973 3549 1086 3659 dixi,
1122 3547 1171 3637 id
1195 3548 1297 3651 elli·
1341 3544 1342 3547 Ὺ

149 3718 248 3776 cere
282 3719 391 3779 sum
419 3710 625 3799 conatus,
645 3709 702 3777 ut
723 3710 935 3780 veterum
965 3688 1199 3780 librorum
1224 3708 1297 3780 va'·

58 3876 62 3885 ‚
150 3826 232 3917 riis
259 3826 543 3920 lectionibus
569 3851 615 3918 et
638 3826 851 3920 virorum
880 3831 1130 3920 doctorum
1148 3860 1294 3920 anno

130 3967 412 4061 tationibus
442 3968 616 4060 criticis
644 3970 839 4061 excussis
868 3993 1011 4093 atque
1042 3972 1295 4065 aestimatis

166 4176 199 4254 *)
223 4177 256 4233 ln
278 4195 413 4234 censura
433 4173 530 4255 primi
551 4162 721 4236 voluminis
739 4175 821 4237 illius
835 4175 985 4238 editionis
1009 4175 1202 4240 inlliblioth.
1215 4178 1294 4240 crit.

227 4255 378 4318 Seebodii
401 4279 428 4316 a.
451 4254 541 4322 1898.
