2709 4675
173 255 339 320 XXXVIII
555 252 987 333 rauouutuut.
1068 316 1076 323 ,

244 385 352 482 Quid
376 400 501 460 autem
526 384 711 459 Ovidium
736 382 785 458 ad
811 384 974 485 primam
1008 381 1144 457 horum
1171 380 1308 453 carmi·

176 533 271 582 num
303 509 562 607 cogitationem
595 506 803 608 impulerit,
845 505 994 580 difficile
1028 516 1082 577 est
1122 501 1308 613 iudicare.

176 628 264 701 Mea
289 626 445 730 quidem
470 632 652 703 sententia
676 605 802 734 verior
827 643 882 704 est
904 628 1030 730 opinio
1043 623 1212 712 Becheri,
1238 621 1309 722 qui

178 777 225 824 ex
248 750 371 826 choris
397 765 433 824 et
458 751 595 825 fabulis
620 752 856 827 Graecorum
879 752 1041 853 primam
1076 739 1122 822 ab
1148 774 1193 822 eo
1218 773 1313 821 con-

78 967 82 972 ⁴
181 887 329 974 ceptam
359 899 436 946 esse
462 874 724 973 cogitationem
749 875 908 965 censuit,
948 874 990 948 id
1021 871 1124 974 quod
1150 897 1195 945 eo
1221 897 1315 945 con-

156 989 159 994 Δ
179 996 322 1072 firmari
347 994 509 1088 videtur,
537 994 642 1097 quod
667 994 800 1069 eodem
824 1008 1003 1097 tempore,
1030 1019 1106 1096 quo
1131 991 1199 1066 liae
1219 993 1315 1093 Epi-

180 1120 297 1194 stolae
321 1120 549 1220 compositae
574 1131 679 1206 sunt,
704 1117 765 1190 vel
789 1117 917 1218 paullo
942 1130 1026 1190 ante
1051 1118 1089 1189 in
1109 1114 1313 1216 tragoediis

183 1238 393 1315 scribendis
431 1253 468 1311 et
502 1253 627 1313 vetere
667 1237 794 1312 sabula
834 1266 922 1312 eum
948 1250 1174 1337 occupatum
1197 1233 1315 1308 fuisse

182 1349 336 1450 constat,
363 1374 401 1433 et
425 1360 530 1462 quod
556 1375 772 1462 argumenta
787 1351 917 1435 earum
939 1359 1119 1462 pleraque
1143 1369 1209 1429 aut
1221 1383 1313 1429 vere

182 1486 258 1558 iam
290 1484 329 1561 iu
362 1481 498 1556 fabulis
534 1496 691 1556 tractata
723 1481 932 1572 exstabant,
969 1496 1034 1556 aut
1062 1494 1162 1588 certe
1195 1481 1228 1554 ei
1257 1484 1313 1557 rei

56 1707 61 1714 ι
94 1703 97 1714 .
182 1608 343 1681 maxime
384 1618 489 1677 erant
527 1603 817 1677 accommodata.
866 1603 954 1681 Vid.
988 1606 1105 1707 Epist.
1139 1609 1203 1694 II.,
1230 1611 1313 1692 tv„

181 1733 246 1817 u,
289 1733 366 1817 vt,
408 1732 501 1816 vu,
544 1731 769 1817 v111.,1x.,
808 1732 872 1819 x„
906 1733 1005 1817 xit,
1040 1731 1162 1819 xus,
1190 1734 1315 1820 xiv„

183 1853 399 1939 xv.,x1x.

540 2021 943 2120 aarurtu.

253 2206 316 2279 An
338 2232 428 2281 vero
456 2204 522 2280 hae
546 2206 736 2309 Epistolae
762 2233 890 2279 omnes
916 2203 962 2277 ab
990 2201 1127 2281 ovidio
1153 2205 1312 2305 scriptae

166 2325 275 2416 sirit,
299 2319 376 2401 iam
401 2328 469 2403 diu
493 2359 515 2402 a
538 2330 629 2405 viris
655 2328 775 2404 doctis
800 2329 963 2405 multum
987 2331 1118 2432 agitata
1144 2330 1312 2428 quaestio

183 2461 247 2520 est.
276 2448 443 2545 Quidam
462 2476 526 2524 sex
549 2455 770 2552 posteriores
795 2476 923 2526 omnes
951 2452 1200 2552 supposititias
1228 2477 1308 2524 esse

186 2571 403 2645 iudicarunt
428 2599 562 2674 easque
588 2574 726 2653 Sabino
743 2575 984 2681 tribuerunt,
1016 2576 1203 2648 Domitius
1230 2575 1315 2649 Cal-

67 2730 72 2737 ·
185 2689 341 2766 derinus
368 2692 416 2767 ad
438 2694 589 2769 Heroid.
611 2681 695 2787 XV,
720 2701 809 2787 126„
835 2697 1006 2798 Scaliger
1023 2699 1061 2770 in
1089 2695 1218 2770 codiee
1244 2724 1313 2772 suo

148 2860 152 2867 ,
185 2813 288 2914 apud
314 2816 506 2892 Danielem
532 2808 725 2892 Heinsium
750 2820 798 2893 ad
816 2819 968 2893 Heroid.
996 2821 1074 2894 init.
1102 2833 1138 2892 et
1161 2821 1314 2894 Vossius

185 2936 234 3011 de
261 2936 389 3012 'Poett
427 2942 508 3014 Lat.
547 2967 578 3014 c.
606 2967 640 3014 a.
705 2940 811 3035 Qu‘os
835 2945 952 3016 secuti
988 2920 1076 3017 sunl
1118 2944 1162 3016 G.
1192 2944 1309 3046 Epir.

188 3061 331 3136 Mt't'ller
341 3119 353 3152 ‚
379 3062 777 3138 historiscla-lrritische
794 3066 1019 3163 Einleitung
1042 3092 1114 3138 zur
1132 3065 1315 3165 niitlzigen

186 3183 395 3279 Kenntniss
419 3188 487 3260 der
511 3187 614 3260 alten
639 3167 723 3260 Lat.
751 3185 1045 3284 Schriftstelle'r,
1085 3188 1169 3263 Vol.
1186 3189 1249 3265 lv.
1276 3217 1311 3290 p.

184 3302 243 3377 55.
268 3326 372 3404 sqq„
398 3307 542 3381 Becher
566 3308 591 3380 l.
607 3309 632 3381 l.
659 3335 695 3409 p.
716 3311 786 3398 16„
813 3312 990 3409 Ruperti,
1013 3310 1223 3403 Grundriss
1244 3312 1313 3389 der

188 3427 411 3503 Gesclziclrte
434 3444 503 3503 etc.
527 3431 596 3505 der
620 3434 774 3519 Romerj
800 3457 835 3531 p.
863 3432 963 3519 805„
990 3430 1144 3504 Thieme
1157 3412 1310 3533 praelat.

183 3548 233 3622 ad
270 3553 511 3626 vernaculam
542 3551 679 3627 horum
717 3553 927 3627 carminum
965 3554 1310 3653 interpretationem

184 3699 221 3775 p.
246 3672 348 3763 XV„
381 3673 454 3746 alii.
506 3676 646 3749 Contra
670 3676 855 3748 Antonius
879 3675 1035 3751 Volscus
1073 3673 1121 3747 ad
1156 3676 1309 3750 Heroid.
1338 3728 1341 3739 .

65 3850 69 3861 .
146 3788 150 3801 ’
185 3797 307 3885 XVII,
339 3824 382 3889 1.,
407 3796 527 3873 Aldus
552 3799 592 3871 in
618 3799 718 3873 calce
744 3800 789 3872 Τ.
815 3799 843 3870 I.
871 3796 1042 3871 editionis
1068 3824 1155 3872 suae
1186 3802 1310 3895 (Tom.

184 3921 247 3996 IV.
285 3947 321 4021 p.
361 3946 437 4019 129.
477 3921 573 4022 Opp.
615 3910 918 4019 Ovid.'Burm.),
957 3923 1083 3995 Moser
1103 3922 1142 3992 in
1174 3921 1308 3992 Annad

187 4042 427 4143 Heidelberg.
455 4044 500 4116 T.
527 4047 569 4114 II.
597 4041 684 4116 fasc.
712 4068 746 4115 a.
772 4032 958 4143 Epistulas
983 4049 1093 4133 XVI,
1120 4047 1248 4127 XVIII.
1272 4056 1309 4114 et

186 4167 266 4234 XX.
294 4161 431 4237 Ovidio
456 4164 672 4238 tribuerunt
687 4179 724 4238 et
738 4171 857 4254 XVII,
883 4172 979 4238 XIX.
996 4179 1033 4239 et
1049 4171 1142 4237 XXI.
1168 4165 1309 4240 Sabino

186 4283 473 4387 adscripserunt.
500 4287 545 4359 H.
562 4285 769 4387 Stephanus
794 4288 963 4364 Diatriba
976 4289 1025 4363 ad
1041 4290 1170 4362 Horat.
1188 4318 1223 4392 p.
1239 4292 1307 4393 73„
