2709 4675
355 217 594 291 HELENA
626 217 841 291 PARIDI.
1101 226 1173 300 429

29 365 143 439 Fama
167 379 294 438 tamen
320 365 420 438 clara
446 379 509 454 est,
536 378 573 438 et
596 364 721 438 adhuc
746 366 823 438 sine
850 366 1006 438 crimine
1031 367 1119 455 rixi,
1164 391 1168 396 ·

79 482 130 554 Et
154 477 304 552 laudem
329 475 376 550 de
401 497 461 548 me
486 475 614 548 nullus
637 474 788 549 adulter
811 475 932 550 habet.

33 589 122 685 Quo
146 588 260 687 magis
285 585 463 682 admiror,
490 611 586 685 quae
611 586 658 658 sit
683 582 823 658 fiducia
849 587 981 686 coepti,

78 701 265 800 Spemque
289 696 362 769 tori
389 694 536 767 dederit
554 721 657 795 ‘quae
683 694 752 766 tibi
779 721 890 769 causa
914 697 998 768 mei.
1130 705 1176 774 20

29 812 100 896 An,
129 808 216 908 quia
239 807 317 879 rim
341 804 449 878 uobis
472 805 682 904 Neptunius
708 805 831 878 attulit
856 805 975 893 heros,

79 919 196 1017 Rapta
220 914 333 990 semei
358 913 489 988 videor
513 909 572 987 bis'
595 940 749 1015 quoque
777 912 890 1014 digna
915 915 1015 1017 rapi?

30 1027 183 1100 Crimen
210 1039 289 1099 erat
309 1038 491 1115 nostrum,
517 1027 545 1097 si
572 1024 734 1097 delenita
757 1023 929 1097 fuissem:

79 1137 178 1210 Cum
203 1136 273 1208 sim
299 1148 415 1234 rapta,
441 1160 569 1206 meum
595 1133 690 1235 quid
713 1135 781 1207 nisi
808 1135 908 1208 nolle
933 1134 1025 1207 fuit?

30 1248 117 1320 Non
144 1258 267 1342 tamen
293 1243 437 1317 efecto
462 1242 630 1317 fructum
655 1244 742 1316 tulit
768 1243 830 1317 ille
854 1246 1041 1346 petitum3
1126 1259 1173 1329 25

79 1359 249 1455 Excepto
274 1353 369 1428 redii
391 1379 495 1454 passa
518 1355 651 1426 timore
676 1353 781 1427 nihil.

114 1587 151 1600 -
174 1586 206 1599 ..
229 1582 265 1594 -
285 1581 322 1594 -
350 1571 401 1606 nec
428 1555 505 1606 vultu
538 1553 582 1606 eess
623 1550 727 1631 princ.
750 1559 801 1620 (et
822 1551 925 1612 Venn.
940 1554 1174 1631 etat.)etscri-

146 1705 150 1713 .
395 1639 454 1684 tera
474 1631 543 1683 duro
624 1632 687 1713 ptis
710 1632 853 1712 plurimis
874 1635 980 1708 (etiam
993 1639 1054 1697 mei
1076 1641 1176 1720 pleri-

155 1711 275 1779 Petlege·
625 1734 688 1793 que
711 1715 764 1787 itu,
789 1713 851 1773 vid.
864 1737 889 1774 v.
905 1717 923 1775 Ι.
939 1719 1058 1799 L.)pr0
1074 1722 1173 1802 vuig.:

27 1803 152 1863 Lucan.
167 1799 205 1874 ΙΙ,
219 1798 289 1862 373.
304 1797 395 1857 etsie
415 1797 490 1857 aiibi
503 1797 583 1856 Naso
624 1799 730 1858 intulit.
754 1801 820 1860 Vim
841 1803 959 1877 misene
979 1801 1106 1879 optimis
1126 1803 1176 1861 di-

27 1880 320 1964 saepe.Pruetereu
333 1883 397 1943 vimi
410 1878 584 1938 convenire
625 1875 711 1962 citur
730 1876 948 1958 scriptoribus.
985 1882 1050 1941 Cic.
1082 1884 1174 1946 Verr.

26 1965 146 2026 metius
176 1960 235 2022 iilis
265 1965 326 2026 sine
349 1965 472 2026 crimine
495 1958 585 2019 vide·
626 1959 647 2016 1.
669 1978 696 2016 c.
718 1957 780 2034 26,
801 1957 869 2017 Liv.
890 1961 986 2021 XLV.
1008 1983 1034 2022 c.
1056 1966 1115 2036 19,
1133 1969 1173 2027 ul.

28 2057 98 2122 tur,
120 2065 215 2138 qnam
236 2046 310 2123 leui,-
331 2041 418 2124 quod
440 2040 583 2101 erutdus
615 2059 620 2068 ·
1034 2049 1139 2108 Banu.

30 2137 69 2188 et
103 2125 156 2186 uhi
183 2144 351 2206 recepere,
382 2122 453 2204 quiu
484 2128 585 2187 ludere
627 2124 678 2183 Vis
700 2127 804 2179 autem
828 2121 879 2181 illu
901 2131 949 2182 est
969 2124 1035 2206 ipse
1058 2137 1175 2205 ruptus.

27 2211 85 2269 vix
105 2207 173 2266 sine
187 2205 322 2266 crimine
343 2205 442 2286 possit
459 2205 585 2279 femina,
624 2206 787 2280 Neptunius
807 2209 900 2268 heros·
921 2203 994 2265 Vid.
1016 2206 1056 2265 ud
1075 2208 1176 2290 Epist.

28 2299 66 2353 et
89 2290 115 2350 si
136 2289 207 2359 siue¹
226 2287 362 2347 erimine
393 2291 494 2352 tudere
524 2284 586 2346 sibi
625 2282 1047 2373 1v‚1095‚v,127.c0nf.
1072 2289 1175 2374 Epist.

28 2370 211 2446 videretur,
241 2371 324 2430 famu
354 2378 461 2429 tumen
493 2369 585 2428 facile
625 2364 711 2442 XVI,
734 2366 801 2432 147.

27 2451 111 2515 inde
135 2449 327 2525 laederetur,
354 2472 448 2531 quarn
479 2458 584 2509 tumen
666 2448 715 2513 23·
748 2452 893 2513 Delenita.
929 2451 1019 2513 Libri
1049 2462 1175 2516 veteres

24 2543 149 2609 claram
171 2534 276 2593 adhuc
297 2532 357 2592 sibi
381 2552 447 2592 esse
474 2533 584 2599 iactam
627 2537 828 2589 constanter:
844 2537 973 2597 delinita.
988 2535 1101 2597 Scribe
1124 2545 1178 2601 de.

26 2639 108 2679 num
129 2638 200 2679 cara
222 2616 318 2677 etium
333 2611 501 2693 impudicis
519 2632 585 2672 esse
626 2615 715 2675 lenita
736 2611 796 2683 (sic
818 2611 946 2674 exhibet
968 2618 1111 2683 Guelf.1.
1125 2622 1177 2696 L.)

23 2700 126 2771 solet,
157 2717 239 2778 quae
270 2696 393 2754 furtivis
425 2694 585 2775 p'rnoribus
627 2700 659 2752 et
675 2689 736 2750 vid.
750 2690 789 2750 ud
806 2692 916 2768 Quint.
939 2698 959 2755 Ι.
983 2697 1021 2756 Ο.
1044 2699 1084 2759 V.
1105 2720 1131 2758 c.
1144 2702 1175 2766 8.

23 2778 174 2864 gaudere
207 2787 241 2838 et
267 2777 388 2858 populo
417 2776 585 2856 imponere
627 2782 660 2834 et
679 2772 844 2833 Drakeub.
866 2773 905 2834 ud
926 2778 993 2839 Liv.
1015 2777 1054 2838 V.
1077 2801 1104 2839 c.
1123 2784 1173 2846 31.

22 2868 204 2923 conantur.
226 2860 300 2918 Duo
323 2856 433 2918 codd:
456 2870 586 2932 raraest.
1028 2865 1133 2925 Bm,

446 2944 549 3002 Brun.
665 2929 714 2999 94.
731 2941 968 3022 Meumquidetc.
984 2937 1057 3001 Vid.
1068 2942 1170 3026 Epist.

73 3039 124 3104 19.
146 3041 269 3101 nuncu
286 3040 386 3119 coepe.
411 3039 587 3117 coepero...
624 3016 706 3092 vlu,
727 3019 756 3081 5·
780 3019 888 3102 ibique
913 3030 978 3081 not
1055 3106 1062 3120 ⁸
1099 3055 1104 3068 .

19 3122 195 3201 ximupnrs
207 3115 478 3189 codicum(etiam
490 3120 584 3190 Dun,
664 3098 713 3162 25·
737 3099 818 3159 ΗΜ·
830 3102 945 3196 ,νθηῃ-
968 3113 1001 3164 et
1021 3105 1102 3190 ultae
1125 3128 1175 3168 sc-

20 3205 141 3274 Trev.,
162 3199 244 3275 Eut,
266 3197 362 3258 Goth.
372 3199 412 3274 2,
428 3208 461 3258 et
480 3199 584 3260 Guelf.
624 3201 718 3240 ΝΟΜ
741 3191 868 3242 θθῑὸῑῑθῖ
889 3190 953 3249 Nec
973 3200 1080 3252 tamen.

17 3290 55 3352 1.
70 3290 106 3344 et
117 3280 165 3360 4.)
183 3301 243 3361 pro
257 3281 357 3364 vulga
372 3295 482 3358 coepto,
497 3278 583 3362 quod
661 3274 710 3338 Ὶΰ·
731 3280 824 3339 Passa
842 3283 928 3356 nteit,
946 3281 1091 3344 castitate
1106 3303 1175 3343 scr-

18 3376 139 3426 tnmen
178 3362 304 3421 firmare
342 3369 460 3442 posset,
495 3361 584 3443 quod
622 3363 703 3414 veta.
726 3357 797 3415 Vid.
819 3358 915 3418 Diod.
945 3360 997 3421 lv.
1025 3384 1052 3423 c.
1079 3365 1108 3429 5.
1141 3375 1198 3427 et‘

18 3445 183 3507 videatur
204 3443 257 3504 hic
280 3440 360 3503 Nusd
384 3442 522 3502 imitatus
536 3441 583 3517 (2)
621 3434 784 3498 Plutarch.
809 3439 840 3498 in
863 3441 954 3503 Thes.
997 3444 1058 3504 Atii
1087 3446 1173 3526 lphi-

14 3531 212 3600 Maronem,
235 3526 289 3608 qu'i
307 3529 385 3585 Aen.
402 3525 583 3606 ii,75.qnne
621 3518 748 3599 genium
770 3541 805 3580 ex
829 3521 951 3582 Helena
984 3532 1018 3584 et
1044 3526 1172 3589 Theseo

14 3618 61 3676 sit
78 3613 203 3692 Μαρία
231 3621 338 3690 coepto.
374 3605 438 3667 Sed
469 3608 581 3666 metius
620 3608 810 3683 prognatam
833 3602 1058 3683 prodiderunt.
1097 3612 1171 3669 Ant.

14 3700 76 3753 est
96 3692 247 3772 coeptet
261 3688 410 3761 fiduciam
425 3709 497 3747 cum
508 3709 583 3828 (pen.
625 3681 695 3740 Lib.
718 3684 846 3743 Metam.
867 3685 928 3762 27,
950 3686 1081 3749 Pausan.
1111 3692 1175 3751 Co.

14 3770 192 3844 construit
204 3770 433 3851 nosterpassim
448 3770 504 3829 eti
530 3790 581 3829 em
623 3763 771 3824 rintuc.
792 3767 842 3829 32.
865 3776 898 3827 et
920 3769 1023 3829 Tzetz.
1046 3771 1086 3831 ad
1108 3772 1172 3845 Ly-

14 3854 116 3938 Virg.
147 3853 227 3911 Aen.
257 3852 280 3926 l,
312 3852 381 3918 132).
406 3848 477 3912 Vid.
507 3850 581 3910 Pus·
622 3844 1170 3937 cophe.103.et143.v1'd.1‹:p151‚

14 3942 121 3997 scrut.
146 3931 187 3992 ud
208 3932 306 4015 Prop.
320 3934 430 4011 ltt,Q3,
444 3937 471 3999 1.
487 3933 578 3992 Conf.
619 3925 658 4002 V,
681 3929 749 3994 129.

14 4019 139 4131 infun·
161 4014 214 4076 Vl·
237 4037 264 4074 ⁰·
284 4017 314 4081 5·
337 4023 370 4076 ⁶²
391 4016 459 4077 Val'
472 4016 577 4076 Flam
661 4040 711 4105 27·
731 4048 877 4108 Luctanti.
898 4046 1048 4107 Meliores
1060 4047 1171 4131 scripti

14 4102 76 4177 Π,
101 4094 175 4165 ffl-
211 4104 315 4162 RURM·
624 4121 731 4183 Heius.
755 4134 788 4185 et
809 4125 920 4207 potior
939 4150 1012 4210 pars
1025 4151 1172 4190 meorum

58 4212 114 4277 21.
127 4213 237 4274 Attulit
251 4208 431 4270 Putesneus
445 4227 519 4268 cum
532 4203 582 4266 ed.
622 4204 702 4278 (vid.
724 4228 751 4265 v.
774 4207 812 4283 Ι.)
833 4217 866 4269 et
886 4207 935 4270 ed.
957 4210 1053 4293 Nuug.
1076 4219 1108 4271 et
1123 4216 1171 4287 (er
