2709 4675
325 220 609 294 ARIADNE
635 218 880 293 THESEO.
1118 225 1189 301 ast
1267 281 1268 284 ,

39 371 131 443 Sive
158 366 288 440 colunt
313 365 555 467 habitantque
580 367 664 454 viri,
691 364 894 441 diffidimus
919 365 1010 440 iltis:
1099 406 1103 421 ·

92 479 283 551 Externos
308 474 425 549 didici
452 476 549 550 laesa
573 476 705 549 timere
729 474 840 551 viros.

36 702 84 757 est
114 701 144 750 et
177 687 279 749 incolis
307 705 422 760 vacuo,
458 685 599 747 (testitum
641 683 754 764 Itaque
785 682 947 763 sequentis
968 681 1062 743 buius
1083 704 1192 747 versus

34 774 156 855 praeda
179 771 273 847 feris:
307 769 364 828 sive
398 770 500 828 colunt
533 767 598 843 tiri,
640 762 721 823 haee
758 783 823 824 esse
852 765 1011 824 sententia
1041 763 1191 827 videtur:

35 855 202 939 diffidimus
222 851 287 910 iltis.
321 846 496 909 Burmanni
523 866 598 905 scu·
638 843 802 920 Restabat,
823 851 860 904 nt
892 855 926 905 et
954 846 1081 907 eoelum
1112 848 1192 909 mibi

37 932 180 994 tentiam
202 927 342 1009 probans
363 926 537 987 Withotius
562 926 595 985 in
639 925 834 986 minaretur:
855 946 931 988 eece
950 928 1192 1012 timoremque-

35 1005 596 1075 Anuot.adFunebr.Laudationem
640 1027 703 1090 que
742 1005 878 1068 deorum
914 1008 992 1068 mibi
1022 1003 1191 1073 simulaciu

36 1089 291 1159 Simmermann'i
312 1111 342 1171 p.
363 1091 413 1156 39.
436 1088 524 1148 ittam
548 1097 597 1149 ta·
639 1089 812 1157 incutiunt.
841 1086 890 1148 Ad
912 1089 1048 1152 deorum
1083 1102 1191 1153 autem

35 1197 117 1238 men
158 1172 333 1257 genuinum
369 1190 494 1230 versum
529 1192 594 1237 non
638 1168 807 1231 simulacra
829 1169 915 1252 quod
945 1173 1072 1248 attinet,
1099 1173 1192 1235 vide·

37 1256 131 1331 aiibi,
153 1277 249 1337 quam
268 1258 321 1316 sub
349 1257 481 1317 omrrium
508 1257 596 1331 ipsius
638 1251 684 1311 rit
703 1251 789 1311 forte
811 1250 874 1310 iam
893 1261 959 1312 tum
976 1251 1115 1315 Ariadne
1133 1257 1192 1325 uti-

34 1342 150 1423 vulgati
167 1359 264 1403 mnus
291 1340 444 1398 literarum
463 1339 596 1398 ductibus
639 1354 702 1414 qua
723 1332 755 1391 in
765 1333 1191 1415 parteinsuiuevoiitantem

35 1428 164 1486 lutere
184 1433 298 1482 certum
318 1442 348 1480 se
369 1415 462 1489 dicit3
492 1413 595 1475 videri
636 1419 782 1480 Iacchum
808 1417 881 1479 Cum
902 1421 998 1480 thiaso
1016 1423 1192 1504 Satyrorum

35 1511 150 1563 autern
172 1498 324 1558 Ovidium
346 1495 597 1556 unicesicscri·
638 1512 666 1561 et
686 1500 841 1582 Nysigenis
861 1500 978 1576 Silenis,
998 1498 1054 1558 sed
1076 1520 1093 1560 e
1119 1502 1192 1560 ton·
1231 1516 1235 1519 ·

34 1584 157 1666 psisse:
179 1586 237 1646 Scu
257 1581 332 1642 nibil
358 1583 409 1642 hic
436 1592 532 1641 exstat
557 1581 598 1641 a·-
638 1579 759 1659 ginquo
789 1577 844 1651 (ἓ),
882 1579 938 1638 sed
974 1601 1034 1660 per
1062 1582 1191 1642 umbras

35 1669 140 1735 midae
159 1684 330 1727 succurrere
355 1665 487 1743 diguum.
522 1656 596 1733 Sed,
639 1656 779 1718 nemoris
802 1666 836 1717 et
857 1660 990 1719 omnino
1006 1662 1192 1741 desiderit,

35 1754 74 1807 nt
97 1764 175 1804 vere
199 1742 278 1803 dixit
304 1739 503 1800 Sclnaderus
535 1740 597 1820 (Ε-
638 1747 687 1799 ut.
708 1758 790 1820 quae
819 1740 890 1800 luce
920 1741 1018 1802 dubia
1053 1744 1103 1803 vel
1140 1751 1192 1809 sub

33 1824 182 1888 mandat.
223 1826 270 1890 10.
300 1823 332 1904 p.
362 1822 468 1896 189),
503 1841 597 1881 nemo
638 1827 732 1884 noctis
752 1825 906 1886 obscurum
922 1821 1068 1883 homines
1081 1824 1192 1885 vident

34 1907 100 1969 sibi
124 1898 321 1989 persuadere
341 1901 477 1985 poterit,
498 1901 598 1963 libra·
638 1909 694 1962 aut
715 1900 825 1962 videre
850 1902 910 1961 sibi
933 1903 1059 1985 fingunt
1094 1908 1193 1967 simu·

33 1993 103 2050 rins
128 2009 146 2048 e
168 1986 274 2048 verbis
295 1991 351 2049 Seu
371 1990 449 2048 nibil
469 1989 519 2048 bic
544 2009 598 2049 er-
638 1985 725 2044 lacra
748 1983 803 2062 (i).
832 1981 897 2044 tam
920 1985 1006 2047 enim
1029 1995 1117 2048 certe
1146 1986 1191 2048 ibi

32 2086 93 2136 uae
116 2084 168 2134 etc.
191 2068 332 2127 finxisse:
361 2070 480 2147 Caelum
503 2080 598 2139 restu·
637 2063 782 2125 Bocchus
814 2062 937 2151 aderat,
967 2072 1006 2131 Te
1037 2092 1190 2150 quaerens,

35 2160 104 2217 bat:
140 2154 227 2214 timeo
262 2152 424 2212 simulacro
464 2153 597 2212 deorum.
637 2150 785 2223 Ariadna,
805 2161 913 2229 tuoque
931 2152 1065 2214 incensus
1077 2176 1190 2225 umores

37 2230 355 2315 Equidemversum
385 2226 515 2311 quidem
545 2229 596 2294 95
639 2225 720 2288 adeo
743 2226 945 2309 quidemnt,
966 2230 1191 2314 siDemopho.

36 2312 157 2376 melius
179 2310 330 2394 explicari
350 2322 443 2392 posse
458 2318 549 2393 puto,
570 2310 598 2372 si
639 2309 709 2371 onti
732 2308 808 2379 fides
830 2301 977 2372 balienda
994 2312 1189 2395 (Epistsab.

35 2399 71 2459 in
100 2396 157 2455 itto
180 2416 244 2455 non
265 2402 331 2453 tam
352 2389 392 2451 ad
414 2392 479 2452 iter
510 2394 597 2453 Dae·
638 2393 676 2469 11,
713 2395 791 2469 512),
822 2391 875 2453 itte
902 2401 1004 2460 certem
1031 2396 1192 2458 Theseum

37 2479 119 2553 dati,
141 2475 194 2535 cui
215 2482 306 2554 perte
328 2471 408 2534 nihii
431 2495 505 2534 eum
526 2483 598 2540 deo-
638 2478 759 2557 maringe
777 2478 885 2540 abiectu
902 2480 954 2541 sibi
972 2481 1100 2543 iusserit:
1130 2479 1191 2540 etsi

34 2585 109 2627 rum
129 2562 294 2623 simulacris
315 2560 503 2638 (utcumque
526 2565 599 2616 tan·
639 2556 726 2615 clara
746 2555 818 2615 luce
848 2557 894 2636 (t)
926 2558 1191 2639 conspiciendum

38 2642 119 2703 dem
141 2639 321 2720 accipiatur
350 2636 429 2698 baec
456 2637 597 2718 phrasis)
638 2643 713 2776 post
754 2635 907 2718 scripturn
946 2636 1075 2701 demum
1107 2639 1192 2704 bnne

37 2740 217 2785 commune
239 2719 311 2797 fuit,
332 2718 598 2800 quamadipsnm
668 2717 817 2798 pistolam
849 2717 1009 2780 Ariadnae
1040 2722 1193 2803 praebuit

37 2801 201 2866 Ariadnes
224 2800 393 2874 *historiam
428 2799 600 2882 respexisse
641 2818 675 2858 se
696 2795 848 2858 Bacchus.
877 2801 919 2859 At
941 2820 1028 2873 vero,
1050 2805 1192 2884 quamvis

39 2882 600 2948 auctoremcenseamusssurtnanno
642 2878 686 2939 ita
710 2899 806 2938 nexus
828 2881 915 2940 inter
936 2902 964 2941 v.
994 2883 1044 2947 93.
1078 2891 1111 2944 et
1141 2883 1190 2951 94.

38 2968 131 3029 enirn
152 2963 252 3025 verba
275 2963 462 3028 itlaCoelum
476 2969 602 3027 restabat
640 2960 715 3021 sutis
738 2958 916 3021 declaratus
938 2982 1004 3023 esse
1032 2961 1191 3042 videatur,

36 3052 85 3110 ita
115 3044 300 3126 accipienti,
329 3065 366 3104 ae
387 3044 424 3122 si,
446 3043 601 3127 quemad·
641 3042 764 3101 nullum
784 3049 891 3102 tamen
913 3042 1018 3104 adbuc
1033 3066 1191 3127 apparere

35 3130 174 3193 modum
189 3123 349 3185 Daedalus
378 3129 463 3200 (Art.
496 3128 530 3185 A.
560 3126 598 3200 ΙΙ,
639 3123 1189 3208 fateorintereundemetproxime

34 3213 120 3292 37.)‚
142 3206 282 3269 Ariadne
311 3206 499 3290 quoquede
522 3227 599 3267 coe·
637 3213 829 3287 sequentem
867 3210 1016 3272 Destituor
1051 3221 1134 3286 etc.,'
1156 3220 1190 3271 et

35 3295 113 3355 testi
162 3290 282 3350 itinere
325 3289 391 3349 sive
427 3289 500 3372 suga
535 3308 597 3370 per
639 3288 1190 3374 omninoverumessesentio,qund

37 3375 171 3436 coetum
190 3370 252 3430 sibi
272 3368 415 3450 paranda
434 3371 597 3453 cogitave—
638 3369 838 3436 Burmannus
860 3370 1024 3444 ait,totius
1036 3369 1098 3432 loci
1112 3393 1188 3435 sen.

33 3458 92 3534 rit,
119 3452 238 3524 merito
269 3450 409 3524 obiicias,
435 3473 499 3510 non
527 3472 598 3510 mo·
638 3462 708 3509 sum
738 3457 772 3509 et
800 3471 914 3511 nexum
943 3450 1029 3510 bunc
1047 3454 1190 3516 essede-

34 3537 82 3598 do
102 3533 184 3596 nibil
206 3553 273 3592 esse
296 3533 328 3591 in
349 3532 494 3614 proxime
506 3540 598 3593 ante·
637 3531 737 3591 bere:
759 3530 832 3592 Sive
856 3532 924 3592 toea
952 3531 1033 3593 haec
1062 3533 1190 3598 deserta

34 3614 256 3688 cedentibus,
288 3612 376 3695 quod
408 3634 447 3675 eo
476 3612 597 3674 ducere
638 3619 714 3684 sunt
735 3612 1189 3692 etincolisvacua,destituor

33 3697 200 3773 videatur,
229 3691 286 3754 sed
318 3702 353 3755 et
387 3694 495 3756 locum
524 3716 597 3755 eum
664 3690 760 3753 raeda
781 3694 876 3764 feriar
898 3691 964 3755 sive
987 3698 1101 3758 colunt
1130 3699 1188 3760 ba-

33 3781 81 3842 de
105 3781 177 3863 fupa
200 3797 298 3858 snpra
319 3776 382 3836 iam
404 3785 597 3858 occupatum
637 3715 808 3856 bitantque
830 3774 900 3851 viri,
922 3774 1091 3839 diffidimus
1117 3781 1186 3841 illis.

33 3883 109 3926 esse
132 3882 161 3920 v.
187 3857 238 3924 61·
271 3879 340 3940 sqq.
372 3856 433 3918 Hie
466 3855 597 3953 quidem
637 3855 767 3916 Nullum
808 3865 913 3917 tamen
948 3879 1075 3921 versum
1113 3863 1187 3923 1000

32 3947 72 4006 in
97 3937 304 4003 recensendis
324 3939 387 3998 suis
411 3938 598 4022 saringene-
638 3945 773 4012 motum,
794 3936 850 3998 sed
864 3940 968 4020 potius
985 3938 1049 4002 duo
1063 3950 1187 4006 temera

33 4029 85 4089 ris
107 4021 261 4107 periculis
282 4042 319 4082 ae
334 4020 468 4081 timendi
482 4020 597 4079 caussis
639 4019 782 4078 invectos
804 4020 898 4079 fuisse
920 4022 1079 4095 arbitron
1108 4024 1187 4084 Ovi.

31 4105 206 4170 Ariadnen
239 4101 362 4163 versari
392 4102 597 4162 manifestum
638 4099 727 4160 dium
748 4107 856 4161 autem
885 4101 930 4161 sic
959 4102 1100 4164 dedisse:
1136 4107 1186 4174 93.

33 4196 101 4252 est.
124 4183 274 4247 Proxime
296 4178 487 4265 praecessit:
499 4188 599 4249 Mutua
636 4180 687 4248 96.
708 4180 757 4246 97.
778 4181 827 4248 98.
858 4181 904 4243 Ut
923 4183 965 4245 sit
984 4205 1091 4245 sensus
1115 4188 1187 4269 qui.

33 4270 595 4349 minimammnuamtnmuraquae.
638 4260 713 4325 dem
741 4261 815 4343 itte,
852 4285 949 4347 quem
985 4265 1185 4336 Burmannus
