2709 4675
398 179 833 274 prooemium,
997 210 999 216 ‚
1068 175 1185 237 exva

66 313 135 420 ulla,
156 315 248 388 artis
273 312 442 415 poeticae
467 309 580 386 laude
602 311 794 411 prioribus
820 311 900 383 eius
925 310 1042 399 libris,
1073 313 1189 384 Amo-

67 462 154 523 rum,
178 435 283 507 Artis
306 434 529 522 Amatoriae,
555 432 776 535 quindecim
801 432 991 534 prioribus
1009 434 1187 536 Epistolis

65 554 510 646 Heroidumconcedunt3
536 556 635 629 Fasti
661 569 788 628 autem
813 567 851 626 et
875 555 1045 657 inprimis
1070 556 1190 628 Meta·
1274 627 1278 633 .

65 676 272 779 morphoses
295 675 443 778 reliqua
467 680 593 751 omnia
619 669 664 752 et‘
677 675 934 778 magnitudine
954 689 991 748 et
1007 675 1190 748 inventio-
1256 733 1265 755 ,

66 803 113 874 aia
140 798 254 874 laude
290 800 403 874 etiam
435 813 624 901 superant.
672 802 804 902 Neque
839 812 965 872 tamen
1004 795 1103 872 illud
1139 798 1190 870 ita

67 921 219 1024 disputo,
247 936 392 995 utnon
418 921 627 997 admodum
650 922 770 997 multa
793 922 833 994 in
857 918 914 993 bis
938 916 1189 992 redundantis

69 1060 100 1120 et
121 1071 259 1147 parum
283 1044 354 1118 sibi
379 1046 620 1146 temperantis
646 1045 785 1146 ingenii
811 1055 965 1145 peccata
990 1058 1027 1116 et
1041 1040 1198 1116 scholae

68 1147 268 1242 rhetoricae
300 1192 436 1240 naevos
472 1166 628 1265 reperiri
664 1166 892 1259 existimem3
939 1165 1012 1240 boc
1042 1179 1192 1240 tantum

68 1291 206 1366 affirmo
231 1302 345 1391 atque
371 1288 571 1378 contendo,
589 1288 740 1362 nullum
755 1316 801 1362 ex
817 1287 886 1363 bac
909 1289 1066 1392 quidem
1083 1302 1190 1390 parte
1261 1324 1278 1346 ι

68 1415 159 1486 inter
181 1414 310 1515 priora
333 1411 447 1485 buius
470 1424 602 1514 poetae
627 1412 794 1484 camnine
818 1425 855 1485 et
888 1438 941 1500 ea,
968 1437 1065 1513 quae
1090 1408 1190 1483 virili

68 1549 179 1610 aetate
203 1535 342 1637 scripta
366 1548 465 1623 sunt,
491 1533 600 1608 facile
633 1534 793 1608 inveniri
831 1558 937 1636 posse
977 1532 1191 1620 discrimen,

71 1683 137 1730 nec
159 1656 274 1757 magis
300 1683 383 1730 eam
404 1658 722 1757 vituperationem
741 1658 780 1730 in
797 1655 888 1731 haec
910 1655 1055 1745 cadere,
1075 1682 1191 1756 quam

71 1780 106 1853 in
130 1807 181 1870 ea,
207 1804 305 1882 quae
330 1779 371 1851 in
396 1779 476 1880 ipso
501 1776 593 1852 flora
618 1778 1192 1880 iuventutispoetaconscripsit,

69 1903 232 1992 Amores,
248 1902 381 1974 Artem
393 1901 624 1974 Amatoriam
642 1915 680 1989 et
700 1902 886 2003 Epistulas
905 1901 966 1974 vel
985 1896 1195 2000 pulcherri-
1319 1979 1321 1990 Ι

71 2050 145 2098 mas
166 2024 244 2112 vl,
269 2021 333 2113 X,
364 1999 450 2097 XV.
483 2021 527 2094 ln
559 2020 894 2124 Metamorphosesi
927 2047 1018 2094 vero
1055 2020 1196 2121 siquis

71 2172 128 2219 me
152 2146 301 2219 acutior
324 2143 412 2218 talia
435 2146 566 2218 maiori
591 2170 753 2218 numero
778 2158 816 2217 et
839 2125 1096 2248 frequentiora
1119 2143 1198 2216 ani·

72 2265 311 2341 madvertisse
341 2291 379 2341 se
403 2278 521 2368 putet,
548 2264 646 2340 illud
667 2290 821 2370 quoque
841 2266 1097 2369 reputandum
1114 2267 1195 2355 erit,

72 2400 209 2462 tantm
237 2388 455 2462 variantem
479 2414 609 2462 rerum
631 2390 813 2464 maiorem
838 2403 969 2491 poetae
1001 2387 1051 2462 ad
1084 2413 1197 2461 omne

71 2533 184 2606 gnus
208 2507 425 2585 huiusmodi
449 2513 631 2586 vitiorum
654 2524 691 2585 et
715 2512 910 2586 materiem
926 2525 964 2584 et
978 2507 1200 2611 opportuni·

72 2641 182 2702 tatem
214 2628 404 2721 obtulisse,
440 2646 477 2705 et
508 2647 659 2735 raptum
692 2662 716 2708 α
736 2633 890 2736 funere
920 2633 1064 2706 domini
1102 2627 1201 2702 illud

74 2776 180 2855 opus,
206 2778 279 2827 nec
305 2752 476 2828 ultimam
501 2757 535 2829 ei
562 2781 719 2829 manum
750 2756 960 2856 impositam
989 2780 1078 2828 esse.
1111 2751 1220 2841 llid,⁴

73 2874 179 2948 Trist
206 2874 237 2963 l,
263 2901 298 2976 7,
330 2876 383 2948 13.
410 2902 526 2978 seqq,
551 2877 600 2969 ll,
628 2875 686 2951 55.
714 2878 804 2967 etl,
836 2907 865 2967 1,
898 2880 975 2951 ωδ.
994 2872 1120 2973 Quod
1136 2901 1201 2947 au-

73 3006 146 3068 tem
169 2996 211 3069 in
237 2996 426 3072 Tristibus
451 3013 490 3072 et
513 3000 691 3101 Epistolis
722 2981 768 3073 ea
804 3002 924 3074 Ponto
956 2996 1006 3071 ad
1042 2993 1202 3105 garruli·
1331 3006 1332 3015 ’

75 3129 185 3192 uum
209 3132 248 3191 et
278 3119 407 3194 inanes
438 3119 634 3203 rhetorum
668 3112 843 3196 flosculos
873 3123 988 3222 magis
1019 3119 1203 3194 inclinare

76 3241 236 3333 videtur,
260 3269 333 3317 nec
359 3242 501 3318 illude
526 3242 707 3344 singulari
732 3244 909 3346 quodam,
938 3246 1000 3318 cui
1026 3260 1065 3318 se
1090 3242 1213 3318 dede:

75 3364 125 3439 rit
146 3367 236 3439 iam'
254 3367 389 3455 senior,
414 3363 539 3440 studio
577 3392 707 3439 earum
744 3392 875 3440 rerum
916 3365 1201 3468 explicandum

78 3489 142 3563 sed
165 3488 280 3561 buius
308 3489 361 3560 rei
390 3512 518 3561 caussa
543 3486 674 3577 omnis,
701 3488 731 3561 si
759 3487 827 3588 ipsi
853 3502 983 3589 poetae
1008 3487 1102 3562 fides
1141 3484 1206 3558 ba·

76 3609 196 3685 luenda
230 3611 360 3705 (Trist.
385 3611 440 3701 V,
464 3598 517 3702 ia,
543 3635 603 3683 aa.
630 3623 668 3683 et
692 3610 774 3684 aliis
800 3610 919 3709 locis),
946 3638 992 3686 ex
1017 3611 1203 3700 barbarie,

80 3731 121 3804 in
134 3757 208 3832 qua
231 3728 463 3821 versabatur,
483 3744 521 3805 et
533 3730 651 3806 exsilii
668 3732 887 3822 calamitate,
909 3761 984 3835 qua
1005 3726 1205 3833 ingenium

80 3876 200 3936 omne,
224 3850 408 3926 excidisse
443 3856 702 3956 conqueritur,
727 3854 950 3957 repetenda3
976 3856 1005 3929 si
1032 3854 1136 3944 mibi,
1170 3868 1208 3927 et

81 3969 145 4045 illa
166 3973 206 4046 in
230 3996 359 4048 caussa
383 3974 501 4065 fuere,
527 3975 594 4050 sed
619 3979 735 4078 magis
760 3991 896 4069 tamen,
930 3977 1035 4080 quod
1069 3978 1208 4079 ingenii

80 4119 176 4169 vena
198 4121 413 4171 exarescere
438 4111 476 4173 et
499 4100 700 4173 senectutis
725 4098 1012 4175 laboribusiam
1032 4102 1208 4205 languere

84 4229 265 4315 coeperat,
291 4232 330 4293 et
353 4219 460 4322 quod
484 4219 576 4297 haec
600 4222 718 4322 magis
742 4208 872 4298 versus
896 4220 1084 4299 fundendi
1121 4247 1210 4297 con·
