2709 4675
166 0 294 52 filio
343 0 475 57 135·

87 76 253 135 coire
295 66 430 139 162.
651 135 655 141 ,
1102 117 1109 122 -

88 152 347 218 Colchus
387 152 528 220 459.
544 151 690 216 vid.
710 152 912 236 Epist.
928 155 1034 233 Vl,
1057 157 1186 223 131.

84 239 249 301 colla
290 250 619 301 nectuntur
662 237 920 297 lacertis
959 236 1058 304 46.

75 319 249 381 color
287 334 473 381 satur
512 315 655 385 304.

76 403 355 465 combibo
402 404 716 463 lacrimas
758 399 895 474 252.

77 487 410 545 commissa
455 482 559 549 30.

74 565 593 648 comparationes
703 564 782 624 ab
882 562 1182 626 incendio

149 648 454 709 messium
507 644 650 713 348.
717 646 793 705 ab
861 645 1182 728 segetibus

143 730 283 798 243.
328 730 407 790 ab
455 730 700 790 Aetnae
745 727 996 810 ignibus
1042 725 1182 792 349.

147 811 237 890 ab,
274 833 432 873 arcu
474 810 576 875 83.
1174 880 1180 887 ,

74 894 567 975 comparativus,
611 913 732 974 quo
797 913 943 952 cum
1003 913 1183 958 com-

146 976 438 1056 parativo
490 974 627 1036 sine
672 996 742 1034 eo
785 969 924 1039 445.

75 1076 478 1140 compensare
525 1058 803 1137 aliquem
846 1058 1063 1140 aliquo
1087 1052 1183 1122 54.

74 1140 428 1290 οοὲῐὲροῖεὲιῖ
471 1138 677 1286 {gaba
708 1149 876 1200 amat
918 1137 1183 1200 Ovidius

75 1303 409 1379 concedere
459 1302 597 1367 179.
936 1371 941 1377 .

73 1385 423 1460 concidere,
442 1406 761 1450 corruere
777 1385 876 1449 83.
894 1385 1027 1454 126.
1048 1385 1184 1451 565.

82 1468 423 1612 coe5zciliare
479 1468 618 1528 sine
689 1465 814 1526 dat.
871 1488 1186 1548 personae

88 1634 488 1694 concumbere
536 1653 682 1692 cum
729 1628 853 1691 dat.
897 1626 1037 1698 409.

85 1730 431 1775 concursus
501 1712 861 1775 eorundem
928 1736 1190 1774 casuum

155 1794 252 1857 28.
283 1794 639 1857 earundem
665 1796 1027 1857 litterarum
1046 1796 1185 1861 307.

86 1876 348 1939 condere
391 1880 611 1940 oculos
651 1877 748 1942 23.

84 1960 448 2037 confundor
487 1955 630 2026 472.
665 1957 806 2025 509.

83 2040 524 2104 coniunctivus
590 2041 836 2125 positus
910 2041 990 2103 ad
1047 2061 1188 2101 mo-

158 2119 312 2184 dum
354 2124 596 2187 Graeci
639 2123 909 2207 optativi
949 2122 1089 2189 389.

82 2207 398 2269 connubia
412 2206 664 2269 donare
677 2206 1033 2275 muneribus
1044 2203 1182 2269 256.

79 2290 359 2350 conscius
403 2288 486 2352 de
528 2288 822 2352 inanimis
866 2286 1005 2353 367.
1044 2280 1182 2351 470.

81 2369 457 2434 consecutio
538 2380 913 2455 temporum
971 2371 1184 2442 rarior

151 2446 294 2514 345.
337 2449 480 2521 416.
525 2448 667 2519 458.
713 2453 855 2518 566.

78 2550 404 2598 conserere
447 2538 616 2598 latus
656 2536 756 2605 33,-
801 2537 940 2600 502.

77 2619 412 2678 consilium
430 2613 569 2681 457.
611 2620 779 2680 conf.
797 2619 1000 2701 Epist.
1020 2621 1064 2695 1,
1084 2616 1180 2681 96.
1239 2604 1246 2611 ’

74 2701 408 2761 consolari
447 2701 704 2783 aliquid
743 2701 882 2763 625.

74 2795 337 2841 consors
392 2786 661 2866 generis,
717 2787 1049 2865 sanguinis
1117 2783 1179 2843 h.

150 2880 206 2932 c.
258 2875 593 2946 cognatus,
642 2865 752 2939 sed
799 2864 1045 2948 'gradus
1110 2888 1181 2926 ex

158 2953 488 3022 contextu,
537 2948 644 3030 qui
691 2946 948 3026 dicitur,
984 2968 1054 3010 ex
1107 2947 1184 3006 li-

155 3025 420 3090 candus.
469 3029 744 3092 Consors
788 3052 916 3102 non
963 3027 1042 3090 ad
1093 3029 1179 3089 ito

148 3109 444 3185 genitivo
489 3112 632 3177 307.

68 3193 481 3257 constructio
538 3195 971 3276 periculosior
1050 3190 1183 3254 170.

146 3269 300 3336 205.

66 3359 424 3421 convellere
464 3354 607 3422 439.

69 3452 351 3515 coquere
392 3440 472 3501 de
506 3462 662 3502 cura
697 3462 770 3501 ac
798 3439 1029 3502 dolore
1044 3433 1185 3503 349.

70 3533 188 3576 cor
234 3517 380 3591 438.

1270 0 1588 65 Uoryczae
1629 0 1691 45 lv
1741 0 1970 70 mphae
2014 0 2155 53 539.

1267 67 1449 211 ᾖοειιιῖἰ
1474 66 1627 216 (Ξ2859.
1699 69 1833 131 'oae
1874 86 2074 134 vestes
2116 72 2273 138 ibid.

1188 278 1195 286 .
1269 234 1695 315 crepusculum
1735 228 1876 297 324.

1267 336 1566 389 crescere,
1612 315 1893 398 gaudere
1949 317 2090 383 365.
2148 328 2375 385 crescit

1349 398 1521 458 cibus
1562 400 1632 458 in
1675 420 1785 459 ore
1824 399 1966 466 412.
2023 409 2374 477 crescentia

1346 482 1603 540 moenia
1650 474 1785 552 145.
2262 549 2270 555 ,

1267 568 1454 623 Creta
1506 572 1572 623 et
1614 562 1791 624 Crete
1832 562 1931 625 78.
1992 564 2185 628 Creta
2242 579 2372 632 ἑκα-

1343 643 1603 721 τόμπολις
1643 645 1783 709 233.
1832 645 2026 716 Creta
2083 651 2227 714 alta
2275 652 2368 717 19.

1348 722 1540 786 Creta
1585 727 1747 788 lovis
1782 729 1993 810 patria
2014 728 2371 795 93.·Cressa

1344 828 1468 949 pao
1538 807 1829 954 pgssaedm
1883 809 1983 874 66.
2042 834 2166 895 pro
2224 816 2373 878 Ari..

1351 911 1387 948 a
1436 910 1516 949 na
1647 934 1663 949 .

1268 969 1505 1033 Creusa
1548 982 1755 1033 mater
1795 973 2053 1036 Ascanii
2101 978 2234 1041 155.

1265 1055 1506 1115 Creusa
1549 1064 1756 1115 amata
1801 1056 1879 1116 ab
1923 1059 2147 1122 Iasone
2186 1060 2327 1126 263.

1265 1139 1502 1198 crimen
1587 1143 1886 1220 onusque,
1950 1140 2371 1212 criminosum
2500 1191 2505 1194 -

1349 1240 1507 1279 onus
1550 1218 1648 1281 78.

1267 1304 1470 1362 crines
1515 1322 1756 1361 comere
1799 1302 1939 1372 552.

1267 1405 1521 1444 croceus
1564 1384 1745 1445 color
1787 1383 1852 1444 in
1898 1385 2079 1449 laetis
2123 1388 2262 1453 559.

1266 1485 1488 1528 crura..
1526 1464 1623 1525 ad
1662 1486 1885 1541 crura,
1907 1469 2128 1551 pedes,
2160 1494 2370 1552 genua

1347 1567 1573 1607 manus
1614 1547 1866 1609 tendere
1920 1548 2003 1613 de
2060 1556 2372 1636 supplici-

1349 1630 1469 1691 bus
1515 1628 1654 1693 336.
1700 1630 1841 1702 523.
2267 1645 2274 1652 “

1267 1714 1502 1776 cubare
1544 1712 1683 1776 533.

1267 1797 1435 1857 cultu
1475 1810 1678 1856 vacat
1719 1810 1901 1859 terra
1942 1797 2080 1862 232.

1268 1878 1592 1938 cumulare
1635 1876 1733 1940 33.
1784 1878 1917 1941 195.

1267 1960 1533 2042 cupidus
1574 1961 1746 2020 sinus
1786 1960 1926 2025 519.
1971 1960 2099 2024 vid.
2116 1982 2370 2023 memor„

1265 2062 1496 2185 cura,4
1501 2062 1692 2189 12151101·
1752 2036 1892 2109 140.
1950 2065 2173 2105 curam
2216 2066 2372 2126 age-

1344 2146 1413 2184 re
1578 2166 1594 2181 .

1262 2222 1497 2281 curare
1542 2227 1689 2267 cum
1735 2205 1960 2266 infinit.
2002 2202 2143 2271 594.

1265 2310 1518 2351 currere
1562 2287 1643 2351 de
1686 2297 1817 2350 tem
1868 2309 1985 2360 ore
2042 2285 2179 2356 124.
2225 2312 2372 2359 cur.

1343 2394 1485 2434 rere
1525 2392 1706 2433 mare
1751 2372 1830 2438 14
1871 2413 1886 2429 .
1929 2370 2105 2435 618.-

1264 2475 1463 2517 curva
1528 2462 1594 2516 et
1660 2475 1931 2515 recurva
1988 2467 2157 2516 tecta
2217 2454 2257 2513 i.
2315 2475 2369 2518 c·

1344 2535 1749 2620 labyrinthus
1794 2535 1933 2602 233.

1264 2620 1489 2700 Cybele
1539 2618 1637 2681 76.
2040 2681 2047 2687 .

1263 2702 1550 2782 Cydippe
1583 2701 1703 2781 Ep.
1749 2700 1890 2761 XX.
1934 2700 2102 2761 XXI.

1262 2783 1487 2864 Cydno
1527 2782 1669 2847 350.

1259 2888 1498 2948 cygnus
1540 2865 1677 2931 501.
1724 2864 1861 2929 502.
1907 2886 1941 2925 c
1990 2865 2096 2949 gni
2162 2865 2365 2926 mori-

1341 2955 1520 3009 entes
1564 2956 1801 3008 canunt
1847 2885 1986 3015 144³:

1260 3029 1599 3110 Cynosura
1638 3023 1780 3093 475.

1262 3113 1544 3194 Cynthia
1582 3105 1721 3176 466.

1263 3197 1540 3278 Cythera
1581 3194 1718 3260 153.

1265 3278 2156 3438 Qffllniregrtliiergfhvenus
2225 3357 2357 3421 153.

1347 3442 1683 3521 Cytherea,
1726 3439 2042 3524 quantitas
2087 3460 2214 3502 sec.
2234 3439 2362 3518 syl-

1348 3517 1531 3583 labae
1572 3521 1759 3583 huius
1801 3522 2101 3593 vocabuli
2141 3519 2286 3585 386.

2004 3276 2362 3356 (arthemia,
