2709 4675
380 171 813 243 rnoosuiun.
1041 140 1162 231 11111
1250 183 1253 196 ·

60 324 120 400 tur,
142 311 235 387 nibil
261 313 367 388 aliud
391 312 571 400 ostendit,
604 336 720 411 quam
752 306 1048 381 adversissimam
1073 302 1165 378 baec

60 437 210 508 carmina·
238 463 260 507 a
292 438 471 538 temporis
500 434 637 508 iniuria
662 430 835 508 habuisse
863 428 1066 504 fortunam.
1116 427 1163 501 Id

18 607 20 642 .
59 550 283 650 quodetiam
308 583 352 630 eo
377 555 633 645 confirmatur,
659 553 830 656 quadiu
858 549 1053 626 codicibus
1079 550 1165 622 Sar-

58 676 198 750 raviensi
228 690 265 750 et
292 677 592 778 Guelferbytano
629 677 740 749 tertio
774 661 812 749 et
836 675 999 749 editione
1024 676 1168 750 Veneta
1223 771 1226 782 Ι

18 783 20 818 l
57 825 81 870 a.
107 799 207 899 1474.
234 800 346 902 longe
368 802 551 875 maiorem
576 796 688 871 buius
714 798 901 899 Epistolae
921 810 1066 898 partem
1090 821 1167 868 ser·
1267 784 1277 801 ⁹

60 931 167 990 vatam
192 943 271 993 esse
295 924 514 1022 reperimus.
540 913 660 996 Docet
676 919 788 1008 idem,
814 916 1169 1026 quainOvidianam

57 1066 120 1113 esse
142 1067 255 1144 supra
274 1043 516 1131 ostendimus,
530 1042 698 1145 Epistola
711 1042 808 1131 XV,
835 1068 931 1141 quae
944 1037 1170 1116 tam'infeste

56 1163 119 1236 lato
143 1191 208 1237 usa
233 1179 298 1254 est,
323 1180 376 1253 ut,
403 1194 425 1239 a
450 1167 597 1267 reliquo
616 1164 753 1238 horum
776 1165 984 1238 carminum
1012 1188 1169 1263 corpore

55 1313 193 1388 prorsus
209 1287 369 1362 abscissa
391 1313 435 1361 ac
446 1300 624 1388 separata,
648 1311 726 1361 non
751 1311 837 1360 raro
859 1285 1021 1360 aliorum
1044 1301 1169 1387 poeta-

55 1438 137 1501 rum,
162 1412 266 1485 velut
287 1409 430 1484 Tibulli
457 1422 523 1483 aut
544 1408 710 1509 Virgilii,
738 1409 966 1483 carminibus
992 1409 1169 1485 adiuncta

52 1536 110 1628 sit3
152 1548 188 1608 et
223 1559 314 1608 vero
348 1535 459 1607 etiam
489 1556 574 1634 pars
607 1529 671 1603 illa
710 1531 899 1631 Epistolae
924 1531 1026 1606 XVI.
1066 1538 1103 1631 (a
1131 1563 1166 1610 v.

53 1660 141 1757 39-
155 1659 262 1756 141),
289 1683 415 1758 quam,
439 1655 528 1729 licet
552 1651 764 1758 paucissimi
790 1653 938 1728 codices
958 1655 1166 1749 exhibeant,

52 1793 163 1853 tamen
189 1777 296 1851 nullo
321 1771 436 1860 mode
461 1776 587 1849 abesse
611 1792 718 1876 posse
756 1789 794 1848 et
817 1778 970 1850 omnino
985 1779 1168 1878 -proOvi-

52 1897 150 1973 diana
177 1897 390 1973 habendam
416 1924 510 1988 esse,
537 1896 682 1971 idoneis
707 1899 934 1999 argumentis
968 1901 1038 1972 viri
1066 1899 1168 1975 docti
1213 1981 1215 1985 .
1294 1927 1301 1937 ·

48 2023 256 2121 probarunt
293 2020 378 2097 vid.
405 2020 531 2094 adnot.
557 2018 607 2093 ad
631 2020 749 2120 Epist.
776 2019 879 2108 XVI,
904 2021 963 2117 39.
989 2021 1102 2095 Plura
1127 2024 1166 2095 111

49 2145 134 2222 banc
158 2173 241 2220 rem
265 2145 462 2219 alleremus
496 2144 536 2215 in
561 2127 639 2244 ipsa
677 2140 727 2215 ad
752 2141 817 2215 bas
833 2129 1028 2245 'Epistolas
1053 2173 1168 2220 anno-
1219 2204 1221 2210 ,

49 2270 190 2344 tatione.
239 2266 327 2344 Vid.
354 2266 480 2342 adnot.
505 2263 556 2340 ad
581 2264 700 2365 Epist.
726 2263 811 2354 XV,
843 2295 872 2339 1.
987 2261 990 2266 “

116 2386 222 2479 Iabn,
249 2403 292 2462 ut
317 2388 503 2463 diversam
534 2384 669 2461 barum
689 2387 951 2488 ‘Epistularum
984 2390 1169 2465 rationem
1204 2472 1208 2481 ,

49 2518 148 2607 atque
173 2522 350 2583 naturam
374 2511 593 2611 explicaret,
619 2511 683 2583 Fr.
699 2511 978 2613 -Heusingerum
1001 2513 1168 2615 aliosque

47 2625 136 2700 siros
162 2626 297 2703 doctos
321 2645 471 2706 secutus
496 2632 652 2707 diversis
686 2659 746 2705 eas
780 2633 908 2705 statuit
939 2632 1055 2707 editas
1090 2660 1167 2707 esse

48 2761 283 2861 temporibus,
299 2762 402 2840 baud
421 2764 536 2840 dubie
551 2769 687 2869 partim
702 2767 824 2856 etiam,
841 2781 883 2839 ut
899 2766 965 2858 illi,
981 2768 1169 2845 adductus
1235 2768 1236 2771 ¹

47 2882 283 2980 quorundam
313 2890 490 2961 varietate
513 2889 699 2978 codicum,
727 2891 766 2960 in
798 2887 938 2989 quibus
963 2889 1054 2964 baec
1089 2916 1168 2963 car-

47 3000 140 3078 mina
159 3008 199 3080 in
212 3005 309 3083 duos
335 3009 451 3083 libros
477 3009 703 3111 dividuntur
727 3022 764 3082 et
786 3010 877 3087 XIV
901 3014 1029 3113 priora
1069 3019 1173 3112 (nam

49 3123 124 3200 XV.
148 3157 172 3201 a
195 3131 385 3231 plerisque
413 3135 566 3206 vetustis
593 3131 810 3221 codicibus,
849 3146 892 3205 ut
923 3131 1039 3206 modo
1072 3131 1169 3224 dixi,

47 3249 159 3346 abest3
185 3253 263 3329 vid.
288 3254 489 3342 adnotad
514 3256 631 3356 Epist.
657 3254 740 3331 XV.
769 3256 865 3354 init.)
904 3256 1000 3330 liber
1021 3261 1172 3359 primus
1226 3317 1228 3323 ,

46 3387 79 3445 et
99 3377 150 3451 Vl
176 3364 384 3479 posteriora
403 3377 500 3449 liber
521 3372 714 3449 secundus
728 3378 998 3453 inscribuntur.
1026 3381 1171 3456 Verum

48 3521 164 3599 neque
192 3499 270 3573 ulla
290 3501 369 3573 eius
382 3500 437 3572 rei
455 3512 599 3572 exstant
620 3499 770 3597 vestigia
792 3501 830 3572 in
845 3502 1031 3576 veteribus
1053 3502 1171 3596 libris,

48 3642 167 3722 neque
201 3648 292 3696 vero
329 3622 472 3696 ratione
508 3633 621 3721 atque
646 3620 844 3729 cogitando
876 3622 985 3731 facile
1015 3640 1172 3727 possunt

49 3739 223 3844 indagari.
257 3744 409 3839 Quanto
434 3757 560 3816 autem
585 3744 623 3816 in
650 3740 719 3815 bac
745 3745 959 3844 quaestione
982 3759 1174 3819 momento

47 3860 306 3967 inscriptiones
336 3867 421 3940 illae
446 3866 558 3939 unius
582 3877 620 3937 et
643 3864 796 3938 alterius
822 3865 963 3959 codicis
989 3871 1079 3961 sint,
1114 3871 1174 3945 vel

49 3982 132 4060 inde
155 3990 357 4091 existimari
381 3999 519 4088 potest,
552 3984 658 4087 quod
683 3964 762 4059 atii's
798 3988 837 4059 111
863 3988 1070 4080 codicibus,
1109 3994 1175 4094 qui

50 4104 206 4200 quidem
238 4106 313 4181 illis
336 4110 555 4181 auctoritate
581 4110 779 4182 inceteris
804 4108 917 4184 rebus
942 4114 1097 4187 minime
1123 4118 1178 4189 in-

50 4220 206 4304 feriores
230 4245 334 4320 sunt,
361 4228 453 4305 hacc
479 4228 610 4306 eadem
635 4232 800 4305 carmina
826 4233 864 4306 in
890 4234 952 4323 lv,
979 4236 1099 4313 Vaut
1123 4239 1176 4312 VI
