2709 4675
103 151 390 344 Quae
440 232 611 304 satis
654 242 826 331 apta
876 229 1009 304 tibi
1063 244 1215 303 tam
1266 232 1475 322 iuste,
1527 230 1892 335 Nympha,
1944 231 2287 334 querenti

191 340 638 431 Rescrib'am,
689 338 928 413 fateor
977 365 1339 442 quaerere
1393 341 1621 415 verba
1669 367 1999 416 manum.

99 452 426 550 Quaerit,
479 477 619 524 nec
669 448 1029 525 subeunt:
1080 451 1302 523 sentit
1349 474 1481 523 sua
1533 451 1847 525 crimina
1895 462 2225 541 tantum3

188 561 508 649 Solvere,
563 585 754 661 quae
805 560 1047 648 sentit,
1099 585 1251 632 non
1303 559 1478 632 sinit
1527 560 1714 633 alter
1763 585 1994 633 amor.

96 671 171 743 Si
224 670 413 743 levat
461 668 602 742 hoc
654 670 817 757 iraS,
872 669 1030 767 ipso
1078 695 1198 741 me
1240 668 1498 741 -iudice
1552 667 1887 741 damnor.
2321 677 2368 747 5

193 778 397 877 Quid
450 776 721 851 refert?
772 777 1011 850 Causa
1061 789 1145 849 tu
1201 776 1516 850 meliore
1568 802 1811 870 cares;

92 892 693 987 Damnatumque
742 885 878 959 tibi
929 910 1081 958 non
1133 885 1273 959 sub
1323 911 1456 959 sua
1504 887 1670 959 iura
1721 886 2020 987 Cupido

187 996 555 1090 Retrahit3
605 995 908 1079 alterius
957 994 1062 1067 sie
1114 1019 1417 1095 quoque
1468 994 1743 1094 praeda
1792 1019 2070 1070 sumus.

172 1197 237 1261 2·
279 1198 631 1260 Rescribam.
652 1193 867 1253 Malim
897 1196 1189 1257 rescribat.

891 1272 1110 1338 Herus,

92 1361 259 1419 Cum
276 1355 648 1439 praesertim
664 1356 994 1437 sequentia
1009 1378 1192 1436 quae-

92 1446 174 1506 rit
218 1447 284 1499 et
321 1442 491 1503 sentit
531 1437 610 1497 de
653 1458 845 1496 manu
875 1436 1190 1496 dicantur.

98 1526 350 1587 Verum
435 1519 582 1578 talia
661 1516 831 1599 apud
912 1525 1193 1598 poetam,

95 1599 483 1686 praesertim
523 1593 648 1659 tarn
674 1620 900 1693 parum
939 1597 1198 1681 elegan-

97 1694 258 1757 tem,
303 1680 503 1762 qualis
547 1680 821 1740 Sabinus
888 1687 1001 1755 est,
1064 1698 1193 1739 non

98 1764 414 1825 videntur
455 1759 766 1846 urgenda.

177 1854 244 1923 4.
286 1860 536 1932 Solvere,
577 1878 726 1935 quae
763 1859 952 1919 sentit.
995 1853 1196 1929 Alter,

93 1958 306 2000 novus
350 1956 532 1996 amor
571 1935 920 2016 (Helenae)
952 1955 1078 1994 non
1117 1934 1202 1994 si-

94 2024 224 2096 nit,
291 2016 686 2095 dissolvere,⁶
729 2035 1002 2098 ponere,
1072 2015 1203 2076 eri-

90 2104 298 2174 mina,
347 2119 621 2179 quorum
651 2097 770 2158 sibi
809 2095 1060 2157 conscia
1089 2106 1201 2157 est.

90 2180 494 2247 ven.1486.:
526 2184 689 2245 Soloe
719 2202 827 2263 que
850 2183 1051 2244 sentit:
1082 2202 1204 2243 non

63 2270 215 2348 fait
257 2288 314 2326 a·
354 2287 412 2326 a.

183 2360 250 2425 5·
290 2363 437 2422 Hoc.
483 2354 647 2417 Edd.
686 2363 870 2417 vett.=
918 2359 1033 2419 hic.
1077 2358 1207 2420 Hoc

93 2440 509 2508 Gronovius;
555 2458 676 2498 nec
720 2436 1005 2510 dubium,
1099 2437 1204 2495 nin

92 2531 314 2584 recte.
355 2525 571 2584 Hsms.
628 2517 771 2578 vid.
817 2517 1018 2599 Epist.
1051 2458 1107 2593 ll,
1147 2517 1206 2583 7.

185 2618 250 2684 6.
267 2617 326 2681 7.
344 2619 521 2681 Cares
533 2615 813 2681 etc-‚Veth
832 2611 994 2672 edd.:
1028 2636 1208 2677 cares.

91 2699 413 2761 Heinsius
457 2703 612 2761 cales
652 2693 849 2770 dedit,
880 2693 940 2753 h.
982 2714 1036 2754 e.
1083 2695 1212 2753 ira-

88 2781 330 2855 sceris,
396 2777 760 2858 indignaris»,
831 2773 1003 2857 quod
1066 2795 1214 2835 cum

85 2866 481 2924 Burmanno
526 2856 794 2938 amplexi
839 2877 1064 2916 sumus.
1098 2860 1216 2922 Ca-

87 2953 238 3021 τῖες,
255 2939 430 3023 quod
460 2940 582 2998 iam
615 2939 1035 2998 Bersmannus
1057 2957 1216 2997 con-

88 3028 383 3096 iecerat,
431 3038 550 3080 nee
594 3018 726 3101 ipse
761 3018 1053 3078 Heinsius
1096 3019 1216 3077 im-

84 3105 376 3191 probat,
442 3118 569 3162 non
630 3100 776 3159 sat'is
852 3110 1215 3183 congruere

65 3185 276 3249 *mihi
339 3181 685 3242 videbatur
738 3203 884 3242 cum
941 3201 1219 3263 sequen-

89 3269 319 3330 tihusz
367 3269 863 3346 Damnaturi-tque.
927 3263 980 3322 ls
1025 3260 1217 3338 enim,

85 3349 220 3412 cui
249 3345 596 3406 damnatur
610 3346 793 3420 alter,
813 3350 992 3404 certe
1012 3366 1219 3407 caussa

80 3435 330 3499 cadere
371 3426 501 3499 dici
545 3428 679 3484 non'
721 3430 954 3508 potest.
1023 3429 1214 3489 LSNN.

81 3519 301 3579 Cares
341 3507 490 3571 dedi
537 3527 682 3568 cum
724 3505 991 3588 vulgatis
1017 3505 1218 3582 libris,

1276 1187 1448 1272 quod
1538 1187 1703 1249 hanc
1801 1188 2037 1250 habere
2110 1189 2367 1253 videtur

1275 1269 1688 1331 sententiam:
1719 1270 1937 1348 „Quid
1972 1270 2194 1348 refert,
2212 1270 2372 1355 quid

1275 1371 1379 1411 me
1424 1372 1550 1411 non
1598 1351 1729 1432 ipse
1776 1350 2122 1433 damnemy
2155 1375 2374 1414 caussa

1279 1432 1451 1493 enim
1493 1440 1602 1491 tua
1645 1431 1770 1492 hoe
1819 1455 1948 1493 non
1988 1434 2221 1495 melior
2249 1434 2377 1496 erit

1277 1511 1602 1655 {sequitur
1644 1511 1829 1573 huius
1876 1514 2244 1596 expositio),
2303 1523 2373 1576 et

1332 1591 1530 1674 upido
1588 1616 1732 1654 eum
1805 1597 1993 1675 (me),
2065 1598 2174 1678 qui
2252 1595 2378 1657 tibi

1277 1675 1608 1736 damnatus
1636 1675 1735 1750 sit,
1764 1697 1891 1736 non
1936 1676 2053 1736 sub
2095 1699 2203 1738 sua
2244 1676 2376 1759 (le-

1281 1757 1485 1841 gitimi
1527 1757 1842 1840 coniugii)
1894 1758 2030 1818 iura
2073 1760 2381 1831 retrahit3

1281 1839 1371 1897 sic
1408 1838 1598 1909 (licet
1623 1836 1737 1897 tibi
1772 1837 2088 1919 damnati)
2117 1861 2381 1922 quoque

1283 1918 1543 1979 alterius
1586 1918 1904 1997 (Helenae
1961 1922 2078 2000 sc.)
2132 1920 2379 2002 praeda

1283 2002 1557 2059 sumus.“
1597 1999 1837 2059 Locum
1869 2010 2249 2083 corruptum
2274 2022 2378 2061 me

1285 2079 1770 2162 intelligentiori
1790 2079 2256 2142 emendandum
2277 2104 2385 2143 re-

1286 2161 1529 2242 linquO.
1602 2165 2081 2245 Damnatumque
2120 2167 2223 2227 tibi
2259 2170 2378 2237 (80-

1285 2243 1629 2322 Oenonae)
1675 2243 1917 2302 dictum
1963 2250 2077 2319 est,
2131 2252 2205 2304 ut
2246 2244 2379 2304 Cic.

1284 2326 1476 2386 Verr.
1519 2323 1591 2383 11.
1636 2346 1690 2385 e.
1732 2324 1829 2389 8.:
1870 2329 2047 2390 Hune
2087 2330 2385 2391 homiaem

1291 2409 1504 2470 Veneri
1536 2411 1793 2483 absolvit,
1835 2410 1941 2471 sibi
1991 2413 2346 2472 condemnat
2355 2434 2385 2489 3

1285 2491 1509 2548 senec.
1556 2485 1635 2546 de
1693 2489 1847 2547 Ben.
1916 2486 2020 2548 IV.
2065 2509 2119 2548 e.
2160 2485 2252 2554 4.:
2285 2493 2385 2554 Sic

1287 2572 1532 2632 debitori
1552 2593 1655 2632 suo
1683 2572 1935 2634 creditor·
1949 2595 2115 2652 saepe
2131 2572 2388 2633 damna-

1266 2666 1407 2726 tur,
1450 2655 1546 2712 ubi
1574 2655 1707 2733 plus
1744 2675 1819 2714 ex
1856 2656 1983 2715 alia
2037 2675 2216 2715 causa
2256 2657 2390 2715 abs-

1287 2737 1444 2809 tacit,
1487 2756 1665 2812 quam
1700 2756 1775 2795 ex
1805 2735 2024 2797 credito
2052 2736 2208 2817 petit.
2252 2732 2386 2794 Pro

1290 2838 1412 2875 non
1463 2819 1568 2876 sub
1620 2836 1729 2875 sua
1785 2811 1929 2873 edd.
1997 2816 2156 2889 Bas„
2221 2816 2387 2891 Mic„

1288 2895 1562 2954 Bersm.:
1629 2919 1720 2958 me
1769 2900 1873 2960 sub
1911 2918 2035 2958 sua.
2089 2894 2383 2955 Heinsius

1219 3008 1224 3012 ·
1291 2974 1603 3035 coniecit:
1648 2999 1770 3039 non
1806 2979 1912 3040 sub
1950 2990 2085 3054 tua3
2128 2978 2378 3039 Βαΐαις

1289 3079 1382 3120 me
1420 3064 1526 3121 sub
1565 3080 1729 3120 nova.

1374 3182 1433 3246 9.
1476 3183 1797 3264 Fassusque
1823 3184 2129 3249 iuventam.
2155 3182 2391 3247 Parum

1300 3261 1551 3343 elegans
1584 3261 1821 3323 locutio
1840 3291 1856 3325 ε
1898 3289 2108 3330 amor·
2138 3281 2391 3332 noster·

1297 3347 1675 3407 iuventam
1711 3349 1983 3424 fassus
2023 3362 2134 3411 est
2175 3363 2231 3412 te
2266 3352 2396 3429 pri-

1299 3448 1463 3489 mum
1515 3429 1756 3509 com'uge
1812 3442 2073 3510 accepta,
2130 3449 2253 3510 pro
2298 3433 2394 3491 ἰιι-

1294 3520 1524 3572 ventam
1570 3511 1680 3590 egi,
1720 3512 1980 3576 iuvenilis
2017 3535 2187 3575 amor
2204 3512 2354 3592 suit.
