2709 4675
186 217 286 281 LVIII
530 222 963 286 PROOEMIUM.

188 349 275 424 dem
301 366 339 426 ct
362 353 544 427 nonnulla
570 356 609 428 in
636 356 680 428 iis
704 353 824 430 fateor
853 356 997 458 inesse,¹
1019 380 1115 456 quae
1148 352 1206 450 rel
1233 377 1322 424 sae-

187 475 274 549 culo
300 478 368 550 isto
395 476 649 578 indignissima
673 478 807 550 merito
838 477 1069 577 pronunties,
1101 487 1139 548 et
1159 476 1322 548 univer-

185 620 313 669 sarum
337 610 462 672 tamen
487 626 575 672 eum
600 599 677 673 es'se
704 598 869 672 colorem
890 598 988 687 dico,
1014 600 1080 699 qui
1103 599 1174 671 nisi
1196 598 1320 698 plane

186 718 407 811 Ovidianus,
434 734 535 800 certe
557 721 745 795 Ouidiano
770 722 817 794 sit
841 719 1213 821 simillimusz‘idque
1234 748 1324 794 ma·

188 842 242 942 gis
274 844 386 915 etiam
419 842 466 918 de
500 831 928 946 quibusdampartihus
960 840 1166 918 dicendum
1202 853 1319 940 puto.

187 963 313 1058 Quam
338 964 523 1040 Ouidiana
548 967 672 1040 statim
698 963 868 1065 exordia!
914 962 1021 1058 Quis,
1046 974 1194 1064 praeter
1221 960 1323 1034 Ovi-

186 1085 305 1175 dium,
332 1113 375 1161 ea
388 1087 551 1162 scribere
566 1067 702 1190 potuit,
717 1114 813 1189 quae
826 1086 1001 1187 leguntur
1012 1084 1199 1186 Epistulae
1214 1082 1321 1158 XX.

185 1209 359 1282 versibus
384 1203 447 1312 372
469 1221 506 1283 et
530 1234 647 1311 seqq,
673 1211 713 1281 in
739 1206 878 1309 quibus
898 1207 1037 1280 eminet
1051 1207 1321 1279 venustissima

187 1324 250 1398 illa
274 1325 417 1402 formae
435 1328 626 1432 Cydippes
643 1330 844 1430 descriptio
858 1356 894 1403 v.
908 1330 964 1403 55.
983 1342 1020 1401 et
1032 1326 1156 1429 seqq?
1182 1326 1322 1421 Quem

185 1451 303 1525 alium
329 1465 521 1527 auctorem
546 1477 695 1526 censeas
721 1450 792 1526 loci
819 1477 932 1552 supra
956 1476 1072 1552 quam
1097 1450 1321 1551 dicipotest

185 1571 359 1673 elegantis
375 1586 411 1646 et
427 1573 605 1647 elaborati
621 1575 658 1646 in
674 1573 806 1648 eadem
821 1573 938 1674 Epist.
953 1598 1065 1646 verss.
1087 1571 1321 1664 125-142.?

183 1695 236 1767 At
258 1721 348 1768 vero
374 1697 417 1770 iis
442 1722 577 1797 parum
603 1709 667 1800 aut
692 1693 784 1768 nihil
802 1693 943 1768 cedunt
961 1695 1000 1767 in
1014 1693 1182 1795 Epistola
1195 1694 1316 1768 XXI.

184 1817 291 1890 locus
309 1817 356 1890 de
371 1817 542 1918 Cydippe
568 1815 754 1891 scribente
780 1842 889 1890 verss.
912 1817 977 1890 Ἱό.
1004 1829 1040 1888 et
1060 1840 1176 1917 seqq,
1202 1815 1320 1892 locus

184 1938 233 2012 dc
269 1939 418 2013 Acontii
450 1938 558 2013 rivali
584 1964 653 2030 vss.
686 1944 763 2037 189.
791 1951 828 2011 et
852 1964 966 2040 seqq„
1007 1937 1157 2033 Quibus
1181 1952 1318 2013 tamen

184 2065 295 2136 etiam
327 2076 513 2163 praestare
539 2085 710 2134 censeam
735 2059 855 2151 illum,
890 2068 967 2162 quo
1004 2061 1174 2163 Cydippe
1200 2089 1317 2138 suam

132 2263 144 2268 ,
185 2183 224 2254 in
263 2181 401 2256 Delum
433 2181 716 2283 navigationem,
754 2208 917 2285 suosque
947 2186 1217 2286 peregrinantis
1256 2187 1314 2261 ibi

184 2329 290 2378 casus
315 2301 417 2377 haud
441 2303 597 2393 minore,
623 2305 654 2378 si
679 2317 799 2406 pauca
825 2306 996 2409 excipias,
1030 2305 1243 2382 dictionum
1273 2323 1313 2383 et

184 2426 367 2500 sermonis
399 2428 636 2528 proprietate,
662 2453 793 2528 ¹quam
829 2431 1098 2502 sententiarum
1130 2441 1168 2501 et
1199 2428 1318 2504 allec-

183 2564 297 2646 tuum
321 2547 475 2620 veritate
501 2546 708 2650 descripsit.
737 2551 819 2651 Ipse
845 2552 958 2651 igitur
983 2553 1021 2624 in
1037 2550 1132 2624 hanc
1146 2552 1317 2627 maxime

183 2698 327 2776 pronus
338 2698 422 2747 sum
435 2671 661 2770 opinionem,
677 2686 720 2744 ut
728 2672 918 2774 pleraque,
934 2675 1081 2775 quaein
1097 2673 1319 2776 hisEpisto-

182 2796 238 2884 lis,
250 2820 321 2887 nee
338 2793 485 2883 iniuria,
501 2786 730 2894 displiceant,
752 2822 797 2868 ex
808 2795 940 2870 eadem
960 2796 1140 2897 prodiisse
1156 2797 1316 2876 credam

183 2917 494 3020 interpolatorum
520 2914 680 3007 officina,
719 2918 780 2991 cui
807 2918 985 3017 Micyllus
1013 2920 1096 3008 iam,
1133 2932 1184 3006 ut¹
1201 2920 1316 2996 adul·

185 3043 306 3116 terina
341 3043 419 3130 ista,
447 3066 543 3141 quae
577 3040 615 3111 iu
640 3039 771 3140 priscis
792 3037 876 3113 edd.
896 3039 1085 3142 leguntur,
1111 3042 1316 3144 utriusque

186 3165 375 3265 Epistolae
401 3161 565 3251 exordia,
594 3162 642 3234 ita
666 3185 797 3233 versus
821 3161 943 3252 etiam,
982 3142 1079 3237 inter
1117 3165 1314 3266 Epistolae

186 3284 273 3359 XX.
303 3283 549 3359 undecimum
573 3295 611 3355 et
635 3281 907 3356 duodecimum
919 3284 1085 3373 insertos,
1113 3299 1215 3359 recte
1230 3314 1312 3363 nou
1339 3374 1343 3395 ι

185 3420 239 3479 est
264 3408 403 3479 veritus
430 3404 655 3479 adscribere.
681 3403 757 3478 Sed
780 3417 905 3479 tamen
937 3418 973 3478 et
1005 3404 1078 3479 hoc
1102 3408 1219 3480 teneri
1248 3437 1314 3482 ve·

185 3529 261 3617 lim,
290 3530 406 3629 ipsam
431 3526 527 3601 hanc
552 3526 742 3629 Cydippes
766 3540 803 3599 et
827 3527 977 3602 Acontii
999 3528 1195 3604 historiam
1210 3530 1311 3604 eius-
1341 3536 1343 3613 l

186 3649 288 3723 modi
316 3676 403 3740 esse,
441 3663 484 3722 ut
518 3651 591 3723 iam
622 3651 708 3723 satis
738 3651 945 3750 proclivem
983 3665 1115 3753 sponte
1155 3679 1221 3733 sua
1264 3620 1342 3729 adl

184 3766 390 3846 verborum
416 3773 521 3846 lusus
545 3797 800 3872 sensuumque
832 3776 992 3875 argutias
1016 3789 1165 3876 poetam
1189 3781 1311 3880 magis
1340 3744 1342 3799 Ι

185 3898 298 3969 etiam
337 3894 386 3968 ad
420 3920 462 3968 ea
494 3896 599 3996 quasi
632 3894 789 3969 inritare
822 3922 866 3969 ac
904 3896 1081 3998 pellicere
1119 3898 1309 3993 debuerit,

184 4020 355 4122 nihilque
382 4043 531 4099 caussae
564 4041 656 4107 esse,¹
688 4041 758 4089 cur
788 4032 942 4120 propter
966 4020 1126 4121 istorum
1151 4050 1309 4129 quoque

184 4143 484 4245 frequentIorem
510 4142 549 4212 in
576 4136 632 4211 his
657 4140 833 4239 Epistolis
864 4168 984 4235 usum,
1026 4156 1091 4217 aut
1122 4147 1151 4219 si
1179 4152 1312 4253 mavIs,

184 4264 355 4353 abusum,
382 4264 477 4364 ipsas
498 4260 767 4336 abiudicandas
793 4288 870 4339 esse
886 4265 1021 4343 Nasoni
1044 4279 1162 4368 putes.
1189 4266 1309 4366 Quin,
