<?xml version="1.0" encoding="UTF-8"?>
<!DOCTYPE html PUBLIC "-//W3C//DTD XHTML 1.0 Transitional//EN"
    "http://www.w3.org/TR/xhtml1/DTD/xhtml1-transitional.dtd">
<html xmlns="http://www.w3.org/1999/xhtml" xml:lang="en" lang="en">
 <head>
  <title>
</title>
<meta http-equiv="Content-Type" content="text/html;charset=utf-8" />
  <meta name='ocr-system' content='tesseract 3.04.00' />
  <meta name='ocr-capabilities' content='ocr_page ocr_carea ocr_par ocr_line ocrx_word'/>
</head>
<body>
  <div class='ocr_page' id='page_1' title='image "./povidiinasonish00ovidgoog_0659.png"; bbox 0 0 2709 4675; ppageno 0'>
   <div class='ocr_carea' id='block_1_1' title="bbox 90 33 2508 1573">
    <p class='ocr_par' dir='ltr' id='par_1_1' title="bbox 90 33 2508 1243">
     <span class='ocr_line' id='line_1_1' title="bbox 90 33 2374 138; baseline -0 -30"><span class='ocrx_word' id='word_1_1' title='bbox 90 35 314 122; x_wconf 83' lang='lat' dir='ltr'><strong>multa</strong></span> <span class='ocrx_word' id='word_1_2' title='bbox 362 38 540 114; x_wconf 90' lang='lat' dir='ltr'><strong>belli</strong></span> <span class='ocrx_word' id='word_1_3' title='bbox 594 40 900 114; x_wconf 81' lang='lat' dir='ltr'><strong>Troiani</strong></span> <span class='ocrx_word' id='word_1_4' title='bbox 948 52 1325 113; x_wconf 85' lang='lat' dir='ltr'><strong>momenta</strong></span> <span class='ocrx_word' id='word_1_5' title='bbox 1375 38 1754 138; x_wconf 79' lang='lat' dir='ltr'><strong>eleganter</strong></span> <span class='ocrx_word' id='word_1_6' title='bbox 1802 51 1878 109; x_wconf 92' lang='lat' dir='ltr'><strong>et</strong></span> <span class='ocrx_word' id='word_1_7' title='bbox 1945 60 2122 109; x_wconf 87' lang='lat' dir='ltr'><strong>cum</strong></span> <span class='ocrx_word' id='word_1_8' title='bbox 2175 33 2374 134; x_wconf 84' lang='lat' dir='ltr'><strong>inge-</strong></span> 
     </span>
     <span class='ocr_line' id='line_1_2' title="bbox 92 146 2372 249; baseline 0.002 -32"><span class='ocrx_word' id='word_1_9' title='bbox 92 147 191 220; x_wconf 88' lang='lat' dir='ltr'><strong>nii</strong></span> <span class='ocrx_word' id='word_1_10' title='bbox 239 148 517 225; x_wconf 86' lang='lat' dir='ltr'><strong>iudicio</strong></span> <span class='ocrx_word' id='word_1_11' title='bbox 568 151 1038 239; x_wconf 83' lang='lat' dir='ltr'><strong>intexuisset3</strong></span> <span class='ocrx_word' id='word_1_12' title='bbox 1088 147 1211 223; x_wconf 91' lang='lat' dir='ltr'><strong>hic</strong></span> <span class='ocrx_word' id='word_1_13' title='bbox 1259 162 1514 222; x_wconf 85' lang='lat' dir='ltr'><strong>noster</strong></span> <span class='ocrx_word' id='word_1_14' title='bbox 1561 146 1700 223; x_wconf 81' lang='lat' dir='ltr'><strong>hac</strong></span> <span class='ocrx_word' id='word_1_15' title='bbox 1747 161 1957 249; x_wconf 83' lang='lat' dir='ltr'><strong>parte</strong></span> <span class='ocrx_word' id='word_1_16' title='bbox 2030 147 2130 219; x_wconf 83' lang='lat' dir='ltr'><strong>ita</strong></span> <span class='ocrx_word' id='word_1_17' title='bbox 2192 171 2372 221; x_wconf 89' lang='lat' dir='ltr'><strong>usus</strong></span> 
     </span>
     <span class='ocr_line' id='line_1_3' title="bbox 94 256 2374 360; baseline 0.002 -34"><span class='ocrx_word' id='word_1_18' title='bbox 94 272 216 347; x_wconf 84' lang='lat' dir='ltr'><strong>est,</strong></span> <span class='ocrx_word' id='word_1_19' title='bbox 267 275 351 333; x_wconf 91' lang='lat' dir='ltr'><strong>ut</strong></span> <span class='ocrx_word' id='word_1_20' title='bbox 401 263 476 334; x_wconf 91' lang='lat' dir='ltr'><strong>in</strong></span> <span class='ocrx_word' id='word_1_21' title='bbox 529 285 908 336; x_wconf 84' lang='lat' dir='ltr'><strong>summum</strong></span> <span class='ocrx_word' id='word_1_22' title='bbox 957 257 1341 332; x_wconf 79' lang='lat' dir='ltr'><strong>fastidium</strong></span> <span class='ocrx_word' id='word_1_23' title='bbox 1374 260 1802 360; x_wconf 49' lang='lat' dir='ltr'><strong>xlegentium</strong></span> <span class='ocrx_word' id='word_1_24' title='bbox 1852 259 2105 332; x_wconf 83' lang='lat' dir='ltr'><strong>omnia</strong></span> <span class='ocrx_word' id='word_1_25' title='bbox 2172 256 2374 331; x_wconf 85' lang='lat' dir='ltr'><strong>illius</strong></span> 
     </span>
     <span class='ocr_line' id='line_1_4' title="bbox 96 366 2365 469; baseline 0.001 -30"><span class='ocrx_word' id='word_1_26' title='bbox 96 367 263 444; x_wconf 87' lang='lat' dir='ltr'><strong>belli</strong></span> <span class='ocrx_word' id='word_1_27' title='bbox 338 371 531 446; x_wconf 86' lang='lat' dir='ltr'><strong>facta</strong></span> <span class='ocrx_word' id='word_1_28' title='bbox 593 385 667 444; x_wconf 88' lang='lat' dir='ltr'><strong>et</strong></span> <span class='ocrx_word' id='word_1_29' title='bbox 724 369 961 443; x_wconf 84' lang='lat' dir='ltr'><strong>multa</strong></span> <span class='ocrx_word' id='word_1_30' title='bbox 1010 393 1314 469; x_wconf 82' lang='lat' dir='ltr'><strong>quoque</strong></span> <span class='ocrx_word' id='word_1_31' title='bbox 1367 367 1510 441; x_wconf 83' lang='lat' dir='ltr'><strong>alia</strong></span> <span class='ocrx_word' id='word_1_32' title='bbox 1561 369 1949 442; x_wconf 86' lang='lat' dir='ltr'><strong>cumulare</strong></span> <span class='ocrx_word' id='word_1_33' title='bbox 1999 366 2365 442; x_wconf 79' lang='lat' dir='ltr'><strong>videatur.</strong></span> 
     </span>
     <span class='ocr_line' id='line_1_5' title="bbox 96 477 2373 582; baseline 0.001 -31"><span class='ocrx_word' id='word_1_34' title='bbox 96 479 332 582; x_wconf 83' lang='lat' dir='ltr'><strong>Atque</strong></span> <span class='ocrx_word' id='word_1_35' title='bbox 391 479 656 554; x_wconf 81' lang='lat' dir='ltr'><strong>eadem</strong></span> <span class='ocrx_word' id='word_1_36' title='bbox 725 505 817 553; x_wconf 86' lang='lat' dir='ltr'><strong>ex</strong></span> <span class='ocrx_word' id='word_1_37' title='bbox 881 492 1089 580; x_wconf 82' lang='lat' dir='ltr'><strong>parte</strong></span> <span class='ocrx_word' id='word_1_38' title='bbox 1165 477 1458 551; x_wconf 81' lang='lat' dir='ltr'><strong>laborat</strong></span> <span class='ocrx_word' id='word_1_39' title='bbox 1528 479 1863 580; x_wconf 83' lang='lat' dir='ltr'><strong>Epistola</strong></span> <span class='ocrx_word' id='word_1_40' title='bbox 1930 479 2086 569; x_wconf 70' lang='lat'>111„</span> <span class='ocrx_word' id='word_1_41' title='bbox 2141 504 2373 580; x_wconf 83' lang='lat' dir='ltr'><strong>quam</strong></span> 
     </span>
     <span class='ocr_line' id='line_1_6' title="bbox 96 587 2373 692; baseline 0.001 -32"><span class='ocrx_word' id='word_1_42' title='bbox 96 587 240 664; x_wconf 86' lang='lat' dir='ltr'><strong>fere</strong></span> <span class='ocrx_word' id='word_1_43' title='bbox 285 604 518 666; x_wconf 82' lang='lat' dir='ltr'><strong>totam</strong></span> <span class='ocrx_word' id='word_1_44' title='bbox 566 591 999 677; x_wconf 85' lang='lat' dir='ltr'><strong>consumsit,</strong></span> <span class='ocrx_word' id='word_1_45' title='bbox 1051 601 1139 661; x_wconf 87' lang='lat' dir='ltr'><strong>ut</strong></span> <span class='ocrx_word' id='word_1_46' title='bbox 1185 590 1483 663; x_wconf 77' lang='lat' dir='ltr'><strong>Amoris</strong></span> <span class='ocrx_word' id='word_1_47' title='bbox 1533 615 1903 663; x_wconf 82' lang='lat' dir='ltr'><strong>summam</strong></span> <span class='ocrx_word' id='word_1_48' title='bbox 1935 603 2373 692; x_wconf 86' lang='lat' dir='ltr'><strong>potestatem</strong></span> 
     </span>
     <span class='ocr_line' id='line_1_7' title="bbox 100 697 2371 802; baseline 0 -30"><span class='ocrx_word' id='word_1_49' title='bbox 100 725 242 774; x_wconf 88' lang='lat' dir='ltr'><strong>esse</strong></span> <span class='ocrx_word' id='word_1_50' title='bbox 291 701 647 802; x_wconf 83' lang='lat' dir='ltr'><strong>exemplis</strong></span> <span class='ocrx_word' id='word_1_51' title='bbox 696 698 1142 774; x_wconf 85' lang='lat' dir='ltr'><strong>ostenderet.</strong></span> <span class='ocrx_word' id='word_1_52' title='bbox 1223 697 1440 793; x_wconf 85' lang='lat' dir='ltr'><strong>Quae</strong></span> <span class='ocrx_word' id='word_1_53' title='bbox 1501 699 1832 800; x_wconf 24' lang='lat' dir='ltr'><strong>*quidem</strong></span> <span class='ocrx_word' id='word_1_54' title='bbox 1893 702 2094 791; x_wconf 78' lang='lat' dir='ltr'><strong>vitia,</strong></span> <span class='ocrx_word' id='word_1_55' title='bbox 2174 700 2371 789; x_wconf 85' lang='lat' dir='ltr'><strong>licet,</strong></span> 
     </span>
     <span class='ocr_line' id='line_1_8' title="bbox 100 808 2373 910; baseline 0.001 -30"><span class='ocrx_word' id='word_1_56' title='bbox 100 825 179 882; x_wconf 86' lang='lat' dir='ltr'><strong>ut</strong></span> <span class='ocrx_word' id='word_1_57' title='bbox 219 837 392 885; x_wconf 83' lang='lat' dir='ltr'><strong>vere</strong></span> <span class='ocrx_word' id='word_1_58' title='bbox 456 811 755 884; x_wconf 90' lang='lat' dir='ltr'><strong>monuit</strong></span> <span class='ocrx_word' id='word_1_59' title='bbox 824 808 1029 898; x_wconf 72' lang='lat' dir='ltr'><strong>lehn,</strong></span> <span class='ocrx_word' id='word_1_60' title='bbox 1097 808 1440 910; x_wconf 76' lang='lat' dir='ltr'><strong>¹aliquam</strong></span> <span class='ocrx_word' id='word_1_61' title='bbox 1492 818 1593 883; x_wconf 78' lang='lat' dir='ltr'><strong>&#39;ex</strong></span> <span class='ocrx_word' id='word_1_62' title='bbox 1662 835 1752 883; x_wconf 86' lang='lat' dir='ltr'><strong>eo</strong></span> <span class='ocrx_word' id='word_1_63' title='bbox 1820 812 2373 884; x_wconf 81' lang='lat' dir='ltr'><strong>excusationem</strong></span> 
     </span>
     <span class='ocr_line' id='line_1_9' title="bbox 100 909 2375 1022; baseline 0.002 -33"><span class='ocrx_word' id='word_1_64' title='bbox 100 916 422 1009; x_wconf 83' lang='lat' dir='ltr'><strong>habeant,</strong></span> <span class='ocrx_word' id='word_1_65' title='bbox 477 917 699 1022; x_wconf 85' lang='lat' dir='ltr'><strong>quod·</strong></span> <span class='ocrx_word' id='word_1_66' title='bbox 738 920 925 992; x_wconf 82' lang='lat' dir='ltr'><strong>ratio</strong></span> <span class='ocrx_word' id='word_1_67' title='bbox 976 909 1395 1018; x_wconf 56' lang='lat' dir='ltr'><strong>argumenti</strong></span> <span class='ocrx_word' id='word_1_68' title='bbox 1445 919 1755 997; x_wconf 83' lang='lat' dir='ltr'><strong>liberius</strong></span> <span class='ocrx_word' id='word_1_69' title='bbox 1820 946 1973 1008; x_wconf 88' lang='lat' dir='ltr'><strong>sese</strong></span> <span class='ocrx_word' id='word_1_70' title='bbox 2023 920 2375 996; x_wconf 81' lang='lat' dir='ltr'><strong>movendi</strong></span> 
     </span>
     <span class='ocr_line' id='line_1_10' title="bbox 101 1027 2508 1133; baseline 0.005 -35"><span class='ocrx_word' id='word_1_71' title='bbox 101 1027 515 1104; x_wconf 81' lang='lat' dir='ltr'><strong>facultatem</strong></span> <span class='ocrx_word' id='word_1_72' title='bbox 563 1029 722 1103; x_wconf 83' lang='lat' dir='ltr'><strong>fere</strong></span> <span class='ocrx_word' id='word_1_73' title='bbox 776 1029 1314 1128; x_wconf 81' lang='lat' dir='ltr'><strong>praecluserat3</strong></span> <span class='ocrx_word' id='word_1_74' title='bbox 1365 1043 1637 1118; x_wconf 83' lang='lat' dir='ltr'><strong>tamen,</strong></span> <span class='ocrx_word' id='word_1_75' title='bbox 1691 1030 1879 1133; x_wconf 86' lang='lat' dir='ltr'><strong>quid</strong></span> <span class='ocrx_word' id='word_1_76' title='bbox 1931 1033 2008 1106; x_wconf 87' lang='lat' dir='ltr'><strong>in</strong></span> <span class='ocrx_word' id='word_1_77' title='bbox 2059 1031 2203 1106; x_wconf 87' lang='lat' dir='ltr'><strong>hoc</strong></span> <span class='ocrx_word' id='word_1_78' title='bbox 2252 1054 2370 1132; x_wconf 81' lang='lat' dir='ltr'><strong>ge·</strong></span> <span class='ocrx_word' id='word_1_79' title='bbox 2504 1105 2508 1109; x_wconf 86' lang='lat'><em>.</em></span> 
     </span>
     <span class='ocr_line' id='line_1_11' title="bbox 102 1136 2377 1243; baseline 0.003 -34"><span class='ocrx_word' id='word_1_80' title='bbox 102 1164 269 1214; x_wconf 87' lang='lat' dir='ltr'><strong>nere</strong></span> <span class='ocrx_word' id='word_1_81' title='bbox 317 1137 674 1243; x_wconf 70' lang='lat' dir='ltr'><strong>praestari</strong></span> <span class='ocrx_word' id='word_1_82' title='bbox 725 1139 973 1241; x_wconf 86' lang='lat' dir='ltr'><strong>possit,</strong></span> <span class='ocrx_word' id='word_1_83' title='bbox 1024 1136 1145 1210; x_wconf 85' lang='lat' dir='ltr'><strong>vel</strong></span> <span class='ocrx_word' id='word_1_84' title='bbox 1206 1137 1460 1214; x_wconf 85' lang='lat' dir='ltr'><strong>Ovidii</strong></span> <span class='ocrx_word' id='word_1_85' title='bbox 1528 1142 1861 1241; x_wconf 82' lang='lat' dir='ltr'><strong>Epistola</strong></span> <span class='ocrx_word' id='word_1_86' title='bbox 1924 1142 2141 1217; x_wconf 87' lang='lat' dir='ltr'>XIX.</span> <span class='ocrx_word' id='word_1_87' title='bbox 2204 1144 2377 1216; x_wconf 86' lang='lat' dir='ltr'><strong>satis</strong></span> 
     </span>
    </p>

    <p class='ocr_par' dir='ltr' id='par_1_2' title="bbox 102 1247 2411 1573">
     <span class='ocr_line' id='line_1_12' title="bbox 103 1247 2375 1352; baseline 0.003 -33"><span class='ocrx_word' id='word_1_88' title='bbox 103 1247 437 1324; x_wconf 84' lang='lat' dir='ltr'><strong>declarat.</strong></span> <span class='ocrx_word' id='word_1_89' title='bbox 536 1253 653 1324; x_wconf 86' lang='lat' dir='ltr'><strong>Ac</strong></span> <span class='ocrx_word' id='word_1_90' title='bbox 718 1262 1098 1351; x_wconf 78' lang='lat' dir='ltr'><strong>praeterea</strong></span> <span class='ocrx_word' id='word_1_91' title='bbox 1164 1247 1339 1322; x_wconf 92' lang='lat' dir='ltr'><strong>boni</strong></span> <span class='ocrx_word' id='word_1_92' title='bbox 1417 1263 1697 1352; x_wconf 82' lang='lat' dir='ltr'><strong>poetae.</strong></span> <span class='ocrx_word' id='word_1_93' title='bbox 1744 1265 1873 1340; x_wconf 89' lang='lat' dir='ltr'><strong>est,</strong></span> <span class='ocrx_word' id='word_1_94' title='bbox 1943 1266 2375 1351; x_wconf 80' lang='lat' dir='ltr'><strong>argumenta</strong></span> 
     </span>
     <span class='ocr_line' id='line_1_13' title="bbox 102 1357 2411 1460; baseline 0.002 -30"><span class='ocrx_word' id='word_1_95' title='bbox 102 1361 506 1435; x_wconf 82' lang='lat' dir='ltr'><strong>carminum</strong></span> <span class='ocrx_word' id='word_1_96' title='bbox 581 1359 719 1432; x_wconf 89' lang='lat' dir='ltr'><strong>sibi</strong></span> <span class='ocrx_word' id='word_1_97' title='bbox 773 1357 1040 1458; x_wconf 84' lang='lat' dir='ltr'><strong>eligere</strong></span> <span class='ocrx_word' id='word_1_98' title='bbox 1095 1359 1388 1460; x_wconf 84' lang='lat' dir='ltr'><strong>ingenio</strong></span> <span class='ocrx_word' id='word_1_99' title='bbox 1454 1387 1591 1434; x_wconf 90' lang='lat' dir='ltr'><strong>suo</strong></span> <span class='ocrx_word' id='word_1_100' title='bbox 1650 1359 2227 1450; x_wconf 79' lang='lat' dir='ltr'><strong>accommodata,</strong></span> <span class='ocrx_word' id='word_1_101' title='bbox 2299 1375 2411 1434; x_wconf 50' lang='lat' dir='ltr'><strong>et*</strong></span> 
     </span>
     <span class='ocr_line' id='line_1_14' title="bbox 106 1469 2373 1573; baseline 0.002 -33"><span class='ocrx_word' id='word_1_102' title='bbox 106 1469 176 1540; x_wconf 91' lang='lat' dir='ltr'><strong>in</strong></span> <span class='ocrx_word' id='word_1_103' title='bbox 224 1471 494 1572; x_wconf 86' lang='lat' dir='ltr'><strong>quibus</strong></span> <span class='ocrx_word' id='word_1_104' title='bbox 551 1471 700 1546; x_wconf 82' lang='lat' dir='ltr'><strong>vim</strong></span> <span class='ocrx_word' id='word_1_105' title='bbox 726 1494 942 1544; x_wconf 81' lang='lat' dir='ltr'><strong>suam</strong></span> <span class='ocrx_word' id='word_1_106' title='bbox 966 1479 1189 1568; x_wconf 80' lang='lat' dir='ltr'><strong>atque</strong></span> <span class='ocrx_word' id='word_1_107' title='bbox 1234 1469 1923 1573; x_wconf 82' lang='lat' dir='ltr'><strong>facultatempossit</strong></span> <span class='ocrx_word' id='word_1_108' title='bbox 1956 1471 2373 1547; x_wconf 84' lang='lat' dir='ltr'><strong>ostendere.</strong></span> 
     </span>
    </p>
   </div>
   <div class='ocr_carea' id='block_1_2' title="bbox 74 4162 2636 4675">
    <p class='ocr_par' dir='ltr' id='par_1_3' title="bbox 74 4162 2636 4675">
     <span class='ocr_line' id='line_1_15' title="bbox 74 4162 2636 4675; baseline 0 0"><span class='ocrx_word' id='word_1_109' title='bbox 74 4162 2636 4675; x_wconf 95' lang='lat' dir='ltr'><strong> </strong></span> 
     </span>
    </p>
   </div>
  </div>
 </body>
</html>
