2709 4675
124 143 319 227 ''sxxrv
418 133 420 140 ‘
527 166 957 232 eroonuruu.
1075 115 1078 120 ⁴

185 306 261 383 tur,
297 295 466 414 Sapphus
502 298 742 390 carminibus,
774 284 942 403 Epistola
985 301 1086 378 Vnt.
1127 297 1307 400 adoper-

186 411 266 487 dita
301 415 496 517 Sophoclis
533 419 743 521 Tragoedia
774 425 997 520 Hermione,
1022 422 1091 497 XI.
1110 448 1165 497 'ex
1197 422 1308 494 Euri·

184 536 284 638 pidis
327 538 474 613 Fabula
506 542 642 630 Aeolo,
675 542 782 616 XIII.
820 571 866 619 ex
912 545 1082 620 eiusdem
1112 542 1307 647 Euripidis

184 663 415 750 Protesilao,
441 676 479 736 ct
501 662 595 737 aliae
623 690 670 738 ex
694 663 775 739 aliis
799 665 960 744 aliorum
991 682 1189 769 poetarum
1220 668 1308 744 scri·

181 785 257 886 ptis
279 783 394 858 ducta
418 786 644 859 contineant.
671 785 751 860 Iam
773 786 959 865 Nasonem
982 816 1059 864 non
1086 816 1105 862 e
1127 790 1254 862 ieiuna
1267 813 1308 862 ac

181 905 318 1006 frigida
342 909 493 981 natione
518 934 650 1005 eorum
683 908 914 984 imitatorum
953 936 1041 1000 esse,
1075 912 1153 1012 qui,
1187 935 1308 1011 quum

181 1028 425 1131 propriorum
462 1026 613 1102 defectu
655 1028 846 1120 laborent,
886 1030 1010 1104 servili
1048 1030 1153 1133 quasi
1191 1026 1306 1102 modo

74 1231 78 1240 ¹
176 1145 296 1221 'rerba
321 1173 364 1220 ac
389 1152 588 1222 sententias
612 1150 775 1227 aliorum
800 1179 843 1230 ac
867 1151 1040 1226 flosculos
1057 1163 1307 1250 aucupentur,

185 1284 223 1345 et
248 1270 377 1345 alienis
401 1253 517 1372 eopiis
541 1296 649 1346 suam
662 1275 893 1349 sterilitatem
905 1276 1095 1354 occultare
1111 1283 1308 1362 conentur,

181 1404 351 1485 nonest,
377 1393 482 1498 quod
505 1394 634 1474 multis
659 1395 820 1486 dicatur,
846 1398 885 1470 in
909 1410 1010 1470 tanta
1042 1396 1154 1469 buius
1180 1409 1308 1495 poetae

181 1515 353 1590 ubertate
376 1530 414 1589 et
437 1518 478 1589 in
502 1516 572 1590 bac
597 1515 769 1591 imitandi
795 1532 874 1590 arte
894 1544 937 1591 ac
958 1518 1143 1591 facilitate.
1164 1515 1308 1592 Occur-

182 1621 233 1712 rit
257 1651 383 1712 autem
408 1640 575 1739 p‘rimum
600 1638 797 1740 singularis
822 1653 951 1740 poetae
985 1637 1158 1713 doctrina
1181 1653 1223 1712 ct
1248 1665 1308 1713 ex-

183 1763 272 1834 imia
297 1760 360 1833 illa
384 1764 439 1836 vis
471 1763 684 1849 memoriae,
719 1787 834 1863 quam
863 1775 1004 1836 tantam
1040 1763 1079 1836 in
1110 1789 1156 1837 eo
1190 1763 1307 1837 fuisse

38 1937 43 1955 .
123 1899 125 1909 ⁴
183 1894 350 1972 constat,
376 1896 419 1955 ut
442 1911 485 1958 ea
510 1896 625 1958 totam
655 1883 775 1958 ferme
805 1885 1063 1987 antiquitatem
1099 1910 1306 1985 omnesque

183 2017 311 2105 poetas
335 2018 373 2076 et
397 2005 561 2079 Graecos
586 2018 623 2078 et
644 2006 795 2080 Latinos
815 2005 1158 2108 comprehenderet·
1174 2005 1307 2101 Quum

183 2140 310 2200 autem
335 2154 423 2201 cum
445 2127 592 2202 levitate
618 2126 781 2230 quadam
806 2128 996 2218 scriberet,
1023 2143 1059 2201 et
1083 2156 1241 2231 parvam
1271 2132 1307 2202 in

111 2279 113 2285 ’
182 2249 491 2353 recognoscendis
523 2264 561 2323 et
595 2250 824 2353 corrigendis
861 2252 1007 2350 scriptis
1042 2253 1117 2324 suis
1151 2276 1307 2352 operam

182 2375 393 2461 collocaret,
421 2387 520 2447 certe
545 2374 691 2447 animus
716 2398 822 2474 saepe
848 2373 897 2447 ad
920 2374 1203 2449 emendandum
1245 2375 1307 2449 de·

180 2510 276 2571 essct
316 2497 385 2595 (M.
417 2498 462 2568 A.
496 2497 625 2569 Senec.
661 2497 837 2596 Excerpt.
876 2496 1068 2573 Controu*
1090 2496 1136 2584 II,
1172 2500 1245 2593 a.);
1272 2495 1309 2566 in

182 2633 362 2721 promptu
389 2633 444 2692 est
475 2618 693 2708 conclusio,
723 2617 910 2721 permulta
941 2642 987 2689 ex
1017 2616 1097 2690 aliis
1126 2617 1310 2721 poematis

183 2744 281 2816 inter
305 2740 547 2817 scribendum
572 2743 605 2814 ei
630 2739 856 2847 succurrisse
883 2753 930 2830 et,
958 2740 1051 2840 quin
1085 2738 1125 2812 id
1162 2741 1245 2841 ipse
1273 2741 1310 2813 in

183 2865 433 2969 componendi
459 2865 594 2938 ardore
619 2861 934 2950 animadverterit,
961 2863 999 2933 in
1028 2864 1200 2937 carmina
1234 2891 1310 2939 ma-

181 3015 309 3081 nasse3
336 3012 424 3061 cum
441 2988 658 3089 praesertim
683 2982 889 3057 admodum
913 2983 1108 3085 probabile
1133 2988 1190 3077 sit,
1209 3015 1308 3074 eum,

180 3124 383 3212 antequam
408 3135 559 3182 carmen
585 3106 741 3210 aliquod
765 3106 984 3194 institueret,
1016 3120 1082 3179 aut
1112 3108 1213 3181 inter
1238 3108 1311 3182 ela-

180 3215 407 3318 borandum,
433 3255 560 3303 omnes
586 3230 679 3316 illos,
717 3228 782 3329 qui
816 3226 917 3305 idem
946 3240 1020 3299 aut
1044 3228 1165 3300 simile
1201 3254 1311 3330 argu-

180 3369 352 3429 mentum
376 3366 603 3442 tractassent,
629 3349 795 3424 studiose
820 3348 958 3449 legisse.
998 3350 1143 3425 Verum
1176 3379 1252 3456 ego
1280 3354 1309 3426 si

135 3527 141 3540 ·
184 3479 280 3584 quid
309 3478 419 3553 video
455 3490 493 3549 et
529 3488 658 3576 poetae
688 3473 870 3545 rationem
905 3472 1080 3575 intelligo,
1114 3478 1308 3576 permulta

184 3624 338 3700 quoque
370 3612 467 3686 sunt,
501 3622 597 3699 quae
627 3607 735 3697 poeta
775 3619 821 3666 ex
851 3592 931 3666 aliis
959 3622 1112 3697 magnae
1145 3597 1309 3675 alicuius

186 3716 409 3791 celebritatis
434 3721 551 3820 poetis
583 3717 630 3791 de
667 3716 852 3791 industria
887 3729 999 3817 atque
1037 3719 1212 3795 consulto
1247 3747 1310 3796 ex-

183 3841 368 3943 presserit,
394 3867 470 3914 non
495 3826 650 3943 quidem
672 3837 816 3914 fraudis
842 3863 969 3912 caussa
994 3851 1031 3911 et
1054 3855 1312 3943 propterpro-

186 3963 357 4066 priorum
381 3960 582 4051 defectum,
608 3961 675 4036 sed
707 3976 749 4071 ut
777 3960 916 4061 ingenii
948 3957 1134 4034 iudicium
1167 3960 1311 4036 doctri·

186 4112 349 4187 namque
374 4087 559 4187 probaret,
585 4086 614 4158 si
640 4084 847 4158 orationem
871 4107 978 4155 suam
1010 4082 1101 4157 locis
1126 4110 1171 4159 ac
1196 4085 1312 4159 lumi-

67 4288 78 4300 „
187 4207 298 4281 nibus
323 4222 387 4280 aut
411 4236 430 4343 p
453 4209 570 4310 poetis
595 4206 758 4297 Graccis,
786 4206 954 4307 quitum
980 4218 1083 4280 tanto
1108 4205 1210 4306 apud
1238 4210 1313 4291 Its
