2709 4675
278 216 282 238 ·
377 182 834 256 ·P1t0'0Ett1Ut1.
1094 189 1243 253 LXV·

20 397 21 430 ἦ
72 320 110 395 ad
130 323 397 411 coniecturam,
423 321 574 395 omissas
598 318 680 393 illas
705 333 788 394 tum
818 318 991 393 nondum
1015 317 1183 418 vulgatas
1239 343 1243 350 ·

20 455 22 522 l
72 444 183 535 luisse,
196 445 410 546 confugere,
424 441 522 516 illud
538 456 602 531 est,
615 440 732 543 quod,
750 466 838 514 cum
853 467 899 513 ex
911 441 989 541 ipsa
998 439 1068 513 loci
1082 439 1184 512 illius

26 633 31 642 ,
73 569 202 640 ratione
230 581 268 641 et
297 569 468 642 virorum
501 563 701 640 doctorum
725 564 915 637 sententiis
941 563 1184 637 manifestum

72 692 120 778 sit,
137 691 321 765 Sabinum
337 689 386 763 ad
398 671 529 763 omnes
547 687 628 760 illas
647 687 693 760 ab
711 686 849 760 ovidio
864 687 1070 789 nominatas
1085 688 1184 759 viro·

72 839 147 886 rum
170 816 324 888 nomine
348 812 578 912 rescripsisse
604 835 741 910 easque
766 810 840 882 iam
863 822 956 897 tum,
984 832 1073 881 cum
1088 807 1186 903 illud

72 959 212 1009 carmen
238 936 426 1009 Amorum
450 932 691 1018 scriberetur,
718 929 883 1030 vulgatas
908 930 1034 1019 fuisse,
1060 944 1186 1028 tamen
1241 963 1246 972 ⁴

72 1055 234 1142 Ovidius,
269 1058 357 1130 lieet
393 1082 530 1130 novem
563 1080 609 1128 ex
633 1054 710 1128 suis
735 1050 917 1142 retulerit,
948 1051 1096 1127 nonnisi
1121 1076 1187 1125 sex

69 1177 186 1253 Sabini
214 1178 531 1253 commemoravit.
599 1168 601 1173 ’
636 1180 639 1185 ’

20 1329 21 1334 ’
135 1299 262 1376 Altera
298 1313 353 1373 est
389 1299 500 1374 illum
531 1300 659 1374 locum
684 1298 896 1401 explicandi
923 1300 1031 1388 ratio,
1062 1324 1187 1399 neque

72 1420 194 1496 eadem
217 1447 373 1524 prorsus
399 1422 684 1511 contemnenda,
724 1423 907 1496 nimirum
932 1436 975 1496 ut
999 1424 1186 1498 Nasonem

69 1541 126 1617 illo
165 1544 262 1618 loco·
283 1544 467 1618 Amorum
502 1558 706 1618 statuamus
747 1546 894 1619 nonnisi
931 1571 990 1618 eas
1028 1574 1074 1620 ex
1111 1548 1188 1621 suis

20 1667 21 1674 ’
70 1663 239 1765 Epistolis
263 1667 459 1740 nominare
483 1666 655 1757 voluisse,
682 1666 730 1740 ad
748 1693 840 1768 quas
862 1665 1021 1740 Sabinus
1036 1692 1188 1768 respon·
1244 1679 1247 1688 ’

70 1788 183 1862 aiones
207 1789 425 1891 scripsisset,
464 1815 509 1865 eo
542 1791 677 1878 animo,
717 1803 760 1861 ut
786 1787 855 1862 hac
880 1787 966 1861 data
991 1789 1185 1861 occasione

70 1913 172 1986 amici
197 1914 256 1987 sui
283 1937 450 1987 amorem
476 1925 588 2015 atque
613 1910 765 1985 laudem
790 1909 930 1984 blando
946 1909 1188 2012 atquehono-

20 2079 21 2082 π
70 2032 173 2110 rifico
210 2035 340 2137 aliquo
381 2033 496 2110 modo
533 2027 736 2109 commode
764 2030 1018 2134 profiteretur.

136 2156 256 2254 Quod
272 2171 400 2231 autem
425 2156 528 2232 idem
552 2156 674 2231 editor
688 2156 890 2257 Lipsiensis
907 2155 953 2229 'ex
966 2159 1044 2256 ipsa
1055 2172 1191 2232 natura
1210 2230 1215 2241 ,

20 2269 21 2282 ³
68 2308 130 2358 sex
143 2283 296 2359 illarum
311 2279 566 2385 Epistolarum
583 2305 762 2381 apparere
777 2281 931 2370 censuit,
944 2281 1118 2384 pluribus
1130 2308 1191 2356 eas

20 2432 21 2469 1
67 2407 172 2478 annis
195 2418 282 2506 post
306 2403 526 2506 quindecim
550 2390 709 2504 priores
727 2415 764 2475 et
786 2403 886 2477 virili
915 2419 1046 2506 poetae
1071 2417 1189 2478 aetate

70 2530 290 2630 compositas
316 2539 474 2615 essesut
499 2552 595 2626 quae
620 2524 809 2626 prioribus
840 2525 914 2599 illis
944 2528 1057 2627 longe
1089 2527 1192 2601 dete·

20 2728 21 2731 Ἴ
72 2653 194 2722 riores
217 2652 312 2739 siut,
337 2664 453 2750 utque
477 2653 595 2722 nimia
609 2649 840 2750 loquacitate
861 2663 899 2720 et
909 2651 1060 2721 omnino
1074 2652 1192 2721 omni·
1311 2719 1313 2722 ,

71 2771 140 2846 bus
164 2776 274 2846 vitiis
299 2773 487 2860 laborent,
511 2769 652 2874 quibus
680 2770 838 2843 Ovidius
867 2771 1012 2843 virili
1035 2787 1192 2845 aetate
1222 2806 1224 2817 =

69 2918 108 2965 se
132 2897 391 2979 contuminurt'
407 2919 548 2996 passus
571 2896 643 2988 sit}
683 2918 797 2989 supra
831 2892 905 2965 iam
943 2890 1089 2966 dictum
1125 2906 1190 2982 est,

66 3016 266 3091 nonnullas
294 3043 426 3090 earum
450 3015 607 3116 reliquis
633 3013 813 3114 elegantia
836 3027 873 3087 et
898 3011 1074 3089 laudibus
1105 3043 1193 3118 poe-

66 3141 150 3214 ticis
176 3140 333 3223 minime
358 3136 578 3225 concedere,
614 3149 652 3209 et
675 3137 706 3209 si
732 3163 807 3209 una
831 3149 869 3209 et
893 3136 1009 3211 altera
1035 3139 1193 3216 inferior

68 3286 144 3335 esse
173 3259 360 3352 videatur,
400 3285 545 3334 caussas
570 3257 791 3360 repetendas
815 3284 861 3331 ex
886 3257 1038 3333 defectu
1062 3289 1193 3336 rerum

66 3374 353 3487 argumentique
378 3383 581 3469 sterilitate,
620 3379 761 3481 quibus
791 3406 895 3455 nune
927 3381 1039 3473 addo,
1075 3386 1192 3488 idque

63 3508 268 3605 gravissimi
302 3508 342 3579 in
363 3503 436 3599 >hac
461 3504 679 3606 quaestione
703 3499 857 3575 videtur
892 3528 969 3577 esse
994 3510 1190 3598 momenti,

68 3627 175 3730 quod
200 3655 333 3702 earum
356 3627 450 3700 ratio
478 3624 586 3727 longe
619 3622 812 3698 difficilior
842 3624 926 3715 fuit,
967 3653 1055 3701 cum
1083 3644 1194 3730 poeta

66 3750 216 3849 copiam
242 3775 372 3822 rerum
397 3761 433 3820 et
456 3746 606 3821 fabulae
630 3746 775 3820 lumina
800 3749 839 3819 in
866 3740 959 3821 duas
978 3752 1083 3849 quasi
1100 3750 1194 3826 divi-

66 3863 157 3940 dere
183 3883 317 3970 partes,
342 3897 390 3943 ne
415 3871 520 3973 prior
533 3868 702 3987 Epistola
720 3870 844 3943 omnia
858 3885 1069 3973 occuparet,
1086 3899 1194 3975 coge-

65 4003 191 4082 retur;
218 4004 256 4064 et
278 3990 366 4066 vide
379 3994 513 4087 ¹etiam,
540 4020 587 4065 an
601 3992 747 4093 reliqua
761 3993 840 4066 eius
855 3994 1023 4067 carmina
1040 4009 1077 4068 et
1094 3997 1193 4098 ipsae

69 4114 294 4216 quindecim
318 4114 403 4188 illae
428 4116 571 4216 priores
600 4113 789 4215 Epistulae
817 4116 898 4215 pari
930 4116 1073 4219 ubique
1110 4119 1194 4194 dili-

66 4238 194 4339 gentia
220 4250 332 4338 atque
358 4250 437 4312 arte
462 4237 535 4313 sint
561 4234 770 4313 elaboratae
796 4251 909 4339 atque
934 4240 1081 4339 politae.

464 4374 467 4381 ·
975 4346 997 4417 Ἰ
