2709 4675
164 211 280 273 Lxxu
506 215 938 281 Paoosssslust.

165 341 354 443 ingeniose
377 344 562 421 invenisse
585 345 811 451 fabulaeque
843 361 1018 424 tenorem‘
1048 341 1089 423 'et
1119 348 1306 427 habitum

163 466 355 539 vetustatis
375 465 603 571 plerumque
623 495 790 560 servasse
814 497 927 573 supra
960 469 1131 561 dixerim,
1158 471 1306 547 eadem

163 585 308 687 ubique
332 613 421 663 usus
446 603 501 664 est
524 590 700 667 felicitate
726 595 767 667 in
796 595 1007 669 Heroidum
1046 607 1084 666 et
1119 596 1306 669 Heroum

163 707 341 811 illiusque
366 713 446 786 aevi
471 714 619 815 ingenio
640 728 816 789 accurate
841 714 1101 806 describendo,
1133 743 1205 791 nec
1239 744 1306 792 se·

163 829 239 903 mel
264 833 298 905 ei
322 833 468 924 accidit,
498 848 639 911 utnon
661 823 786 912 'solum
807 838 848 911 in
870 834 996 926 rebus,
1016 860 1108 937 quas
1128 836 1316 937 antiqui-‚

163 964 256 1026 tates
271 954 468 1055 appellant,
481 956 558 1048 sed,
569 957 675 1060 quod
690 959 839 1059 gravius
854 971 918 1047 est,
929 959 967 1030 in
974 957 1142 1031 moribus
1152 958 1305 1031 Heroi·
1320 977 1324 986 ·

163 1074 255 1148 dum
278 1089 316 1148 et
348 1075 638 1154 luxuriosiorem
661 1107 706 1156 ac
731 1079 985 1155 delicatiorem
1020 1081 1078 1153 sui
1111 1082 1305 1178 temporis

108 1209 114 1288 ζ
162 1198 279 1269 vitam
302 1198 558 1276 Romanorum
583 1203 805 1304 expresserit
829 1215 866 1276 et
896 1201 943 1275 ab
980 1202 1077 1275 vitae
1122 1226 1306 1275 morum-

162 1344 239 1419 que
259 1322 435 1419 gravitate
459 1324 772 1427 simplicitateque
797 1324 923 1398 aetatis
946 1323 1127 1411 heroicae,
1140 1321 1305 1421 qualem

163 1441 211 1515 ab
237 1441 401 1518 Homero
425 1444 597 1548 aliisque.
611 1447 766 1523 Graecis
789 1444 1032 1548 scriptoribus
1051 1441 1306 1517 informatam

162 1560 345 1654 videmus,
372 1564 581 1643 declinarit.
606 1570 733 1673 Atque
759 1572 867 1643 ineo
901 1592 1054 1670 quoque
1086 1564 1308 1665 reprehen-

164 1681 330 1778 dendus,
370 1689 476 1790 quod
508 1716 624 1765 unam
662 1704 702 1765 et
733 1690 888 1764 alteram
919 1687 1127 1790 Epistulam
1164 1688 1308 1789 paullo

165 1809 313 1911 longius
339 1812 551 1885 extraxerit
578 1811 625 1886 ld
649 1811 755 1914 quod
782 1838 860 1886 non
893 1813 943 1887 ita
981 1808 1145 1911 disputo,
1181 1813 1302 1910 quasi

163 1931 220 2006 bis
246 1932 474 2009 carminibus
499 1947 645 2009 certum
671 1932 862 2036 quendam
879 1958 1081 2007 numerum
1097 1955 1302 2024 versuum,

162 2053 264 2126 ultra
289 2080 405 2155 quem
428 2081 475 2128 ne
501 2055 694 2146 excedant,
727 2053 1028 2158 praefiniendum
1051 2067 1201 2154 putem3
1226 2080 1302 2129 ve-

162 2203 263 2266 rum,
288 2179 319 2250 si
344 2204 459 2277 supra
483 2176 643 2252 modum
667 2177 933 2268 extenduntur,
959 2202 1067 2277 saepe
1093 2173 1145 2266 fit,
1161 2189 1205 2248 ut
1226 2176 1303 2253 de-

79 2315 82 2324 ’
163 2295 312 2372 ficiente
336 2300 552 2400 graviorum
577 2299 684 2403 copia
712 2326 842 2375 rerum
872 2325 931 2375 res
961 2301 1117 2375 minoris
1146 2300 1303 2401 ponde-

163 2420 215 2525 ris
240 2421 479 2520 arripiantur,
504 2424 701 2526 oratioque
725 2423 773 2497 ab
797 2422 1001 2496 affectuum
1035 2422 1216 2522 gravitate
1255 2425 1302 2497 in

162 2539 478 2618 declamationum
503 2546 719 2620 inanitatem
744 2545 945 2643 decrescat.
973 2543 1078 2638 Quin
1098 2542 1175 2642 ipsa
1191 2565 1298 2642 quo·

161 2688 237 2765 que
261 2664 456 2765 longitudo
482 2669 594 2742 animi
620 2670 863 2742 attentionem
887 2664 1093 2764 legentium
1122 2659 1182 2736 vel
1225 2688 1301 2737 au-

162 2783 346 2881 dientium
370 2787 511 2889 fatigat,
535 2804 647 2892 atque
673 2792 723 2863 ita
755 2793 834 2862 vim
865 2788 1115 2887 affectumque
1155 2781 1301 2860 debili·

161 2920 227 2981 tat.
254 2909 305 2980 Et
329 2907 399 2984 bac
426 2927 600 3012 exparte
627 2914 797 3014 inprimis
825 2910 919 2986 mihi
953 2906 1098 3010 aliquid
1131 2907 1297 2982 traxisse

157 3027 239 3101 vitii
270 3029 425 3106 videtur
456 3033 623 3133 Epistola
652 3034 775 3111 XVll.
819 3046 856 3106 et
887 3032 996 3107 XXI.
1025 3030 1294 3130 Reperiuntur

159 3167 355 3254 praeterea
378 3156 418 3228 in
443 3153 499 3228 bis
524 3156 711 3257 Epistolis,
737 3156 907 3257 quamvis
938 3180 1001 3226 eae
1041 3154 1081 3226 in
1118 3150 1297 3230 elabora.

159 3275 309 3349 tissimis
347 3275 474 3350 Ovidii
499 3277 730 3352 carminibus
754 3275 947 3351 habendae
983 3276 1066 3364 sint,
1107 3300 1296 3352 nonnun-

159 3383 276 3496 quam
301 3424 343 3470 ea
366 3398 559 3501 pleraque,
585 3427 683 3501 quae
705 3399 817 3501 vulgo
839 3402 878 3473 in
902 3396 975 3472 hoc
996 3409 1107 3498 poeta
1137 3396 1295 3498 vitupe-

154 3530 306 3608 rantur,
345 3521 462 3593 nimia
500 3521 686 3624 qubedam
723 3521 926 3596 verbositas
964 3533 1077 3620 atque
1115 3516 1294 3611 luxuria,

155 3663 330 3742 quaeque
361 3641 404 3715 id
434 3669 551 3745 genus
579 3644 665 3717 alia*
682 3658 771 3718 sunt
802 3644 944 3746 ingenii
970 3638 1096 3742 (quale
1127 3638 1296 3718 Nasonis
1346 3636 1347 3709 j

154 3761 268 3835 fuisse
293 3773 451 3865 constat)
475 3764 698 3842 lascivientis
729 3781 767 3842 et
798 3765 904 3869 quod
940 3765 980 3837 in
1017 3767 1291 3863 componendo

153 3888 269 3988 magis
294 3914 384 3962 cum
408 3890 544 3964 ardore
576 3904 690 3992 atque
724 3891 866 3990 impetu
902 3878 1034 3975 fertur,
1073 3868 1189 3987 quain
1233 3892 1297 3965 iu·
1344 3868 1346 3921 l

154 4008 243 4083 dicii
270 4013 375 4113 quasi
402 4010 556 4086 habenis
590 4013 725 4086 leniter
755 4023 995 4110 temperatur,
1027 4007 1128 4096 vitia,
1166 4010 1292 4086 nimia

153 4122 421 4236 cogitationum
447 4150 484 4208 et
508 4136 778 4208 sententiarum
790 4122 1003 4208 eatenuatio
1020 4146 1057 4205 et
1070 4159 1140 4235 per
1154 4158 1292 4210 omnes

150 4269 272 4359 partes
311 4256 466 4334 diducta
500 4284 629 4337 rerum
667 4257 878 4349 delineatio,
924 4254 1130 4332 earundem
1162 4260 1290 4335 notio-
