2709 4675
157 201 232 274 280
524 191 822 269 EPISTOLA
854 191 932 266 XI.

155 361 219 423 que
241 340 372 401 omnino
389 349 453 399 tam
473 347 626 434 prompte
642 338 702 398 ali·
744 339 776 399 in
798 337 1014 421 suspicionem
1033 298 1186 402 vellimus?
1209 340 1291 401 Cous.

154 420 232 503 quid
262 442 322 503 pro
354 429 520 503 supposito
552 442 589 481 ac
623 419 701 480 falso
744 420 847 501 Epist
873 420 956 495 Vlll,
984 422 1053 488 106.
1094 428 1229 489 Dilectae
1252 429 1292 486 m·-

152 501 296 563 iudieare
319 502 409 571 licet;
433 501 510 583 quid
532 503 618 562 enim
647 522 706 562 vc·
747 500 953 583 naium‚quod
977 523 994 563 e
1017 505 1124 563 Guelf.
1154 510 1183 570 1.
1212 503 1292 563 dedit

152 584 276 644 teribus
296 582 424 664 scriptis
440 583 504 661 fiat,
516 583 541 643 si
557 579 707 643 codicum
749 582 786 645 C.
815 582 1003 667 Heusinger,
1025 593 1116 647 certe
1144 586 1290 670 glossema

100 720 104 735 ,
152 672 187 727 et
207 663 279 727 edd.
300 685 491 726 consensum
519 664 563 725 ita
591 683 708 724 vocare
752 671 809 724 est.

337 855 514 929 Lauriana
540 854 729 927 annotatio
754 851 803 926 ad
829 854 947 954 Epist.
966 846 1042 947 XI,
1070 866 1104 938 Β.

219 986 302 1067 Cum
321 1009 387 1063 tres
409 1024 428 1062 a
448 999 611 1089 veteribus
631 1006 854 1060 memorentur
874 1001 977 1080 Aeoli,
1009 1005 1130 1087 primus
1158 1007 1291 1070 Hellenis

159 1111 251 1187 lilius,
282 1107 366 1171 alter
387 1106 539 1190 Hippota,
561 1104 739 1188 superioris
762 1106 853 1167 Aeoli
874 1116 1005 1192 nepote,
1026 1110 1161 1194 genitus,
1187 1119 1292 1178 tertius

55 1230 59 1239 ’
154 1220 306 1300 Neptuno
326 1221 416 1273 ortus
439 1218 473 1273 et
492 1212 590 1287 Arne,
613 1207 707 1275 Aeoli
728 1209 933 1292 Hippotadae
952 1212 1016 1273 tilia
1037 1214 1117 1294 (vid.
1127 1217 1226 1281 Diod
1240 1223 1292 1284 Sic

160 1327 215 1404 Ν,
240 1323 291 1391 67.
322 1326 357 1381 et
387 1315 534 1378 Eustath.
566 1315 607 1377 ad
636 1316 730 1377 Hom.
762 1315 825 1378 0d.
854 1319 895 1381 X.
923 1340 957 1401 p.
986 1314 1101 1396 1644),
1123 1326 1294 1412 quaeritur,

158 1449 330 1515 quemnam
351 1445 388 1487 ex
408 1422 457 1484 his
478 1430 659 1506 parentem,
681 1422 788 1483 Aeolis
820 1423 914 1485 etiam
944 1422 996 1485 hic
1028 1436 1149 1501 vocata,
1178 1430 1294 1493 Canace

95 1590 102 1600 .
156 1533 317 1598 babuerit
344 1529 473 1591 Diserte
497 1527 628 1612 quidem
649 1528 737 1589 inter
763 1529 864 1605 Aeoli,
893 1527 1075 1591 Thessaliae
1103 1535 1199 1616 regis,
1229 1537 1298 1598 Hel·

154 1643 229 1702 lene
263 1635 436 1721 prognati,
468 1635 546 1696 filias
579 1633 860 1717 ablApollodoro
893 1636 917 1712 l,
946 1636 976 1713 7,
1006 1638 1037 1702 3.
1071 1632 1102 1702 A.
1139 1643 1295 1703 recenseri
1335 1662 1336 1725 l

156 1745 253 1806 etiam
285 1743 432 1805 Canacen
469 1739 631 1802 videmus:
658 1747 693 1799 at
724 1761 790 1800 non
822 1740 900 1800 item
934 1740 1023 1802 inter
1053 1742 1198 1808 eiusdem
1225 1749 1295 1809 filios

155 1851 350 1912 Macareum.
372 1846 477 1908 Porro
499 1846 585 1906 illam
606 1846 755 1906 Canacen
781 1832 932 1929 Neptuno
959 1848 1102 1932 quinque
1133 1853 1216 1915 filios
1243 1878 1296 1939 pe-

159 1956 281 2040 perisse
307 1952 395 2015 idem
415 1960 530 2013 auctor
549 1954 579 2034 ᾗ.
600 1948 630 2016 A.
652 1950 774 2011 scribit
798 1952 890 2013 Conf.
913 1963 946 2014 et
967 1956 1089 2018 Callim.
1110 1958 1149 2019 Η.
1173 1961 1207 2020 in
1226 1962 1292 2023 Cer.

158 2065 229 2133 100.
258 2055 371 2143 ltaque
401 2054 485 2140 apud
509 2062 656 2116 nostrum
676 2054 709 2115 h.
731 2055 751 2116 l.
771 2056 879 2138 potius
901 2059 1002 2131 alteru
1031 2061 1139 2125 induci
1161 2065 1293 2141 videtur,

160 2186 261 2248 eaque
282 2162 400 2225 iunior.
429 2163 509 2224 llam
529 2169 664 2238 remota,
686 2183 751 2221 non
773 2164 918 2246 proxima
938 2166 978 2227 al)
1000 2170 1074 2230 love
1102 2173 1196 2257 origo
1219 2171 1294 2233 indi-

160 2269 307 2330 caturia
328 2267 423 2328 huius
443 2266 505 2348 Ep.
526 2288 555 2327 v.
576 2266 626 2333 17.
649 2268 753 2333 et18.

312 2390 389 2465 Quid
409 2392 487 2444 iuvat
505 2389 644 2442 admotam
663 2381 845 2460 peravarum
862 2394 974 2446 nomina
995 2396 1074 2450 coelo

265 2533 268 2540 ,
349 2465 425 2532 Inter
444 2487 575 2549 cognatos
594 2496 675 2549 posse
694 2481 795 2533 reterre
815 2482 928 2534 Iovem?

158 2589 257 2674 Atqui
276 2587 374 2671 primi
395 2588 478 2649 illius
494 2588 586 2649 Aeoli
610 2588 675 2648 filia
697 2610 762 2649 non
789 2611 852 2673 per
889 2592 1016 2676 longam
1050 2598 1143 2663 valde
1173 2625 1297 2665 avorum

158 2697 275 2759 seriem
296 2694 424 2758 admota
445 2696 549 2771 coelo,
571 2694 627 2755 sed
649 2695 717 2778 ipsa
738 2706 809 2757 erat
829 2699 925 2759 tertia
946 2699 986 2761 ab
1009 2703 1093 2782 love,
1111 2709 1203 2770 cuius
1226 2711 1297 2771 filins

160 2802 328 2864 terebatur
350 2797 476 2878 Hellen,
499 2798 590 2860 Aeoli
611 2807 715 2882 pater.
756 2799 830 2862 Vid.
864 2806 1012 2888 Apollod.
1035 2818 1068 2870 et
1089 2811 1237 2877 Eustath.
1258 2818 1299 2877 to·

161 2907 247 2969 cis1l.
270 2902 368 2985 Quod
388 2927 466 2967 vero
490 2913 618 2966 nostrae
641 2905 781 2968 Canaces
808 2916 934 2989 patrem
959 2911 1099 2976 eundem
1135 2929 1299 2982 ventorum

160 3033 271 3095 regem
304 3009 437 3075 Ovidius
460 3010 492 3069 in
515 3010 547 3069 h.
571 3010 631 3091 Ep.
655 3012 742 3087 facit,
769 3011 859 3072 illum
885 3036 962 3075 vero
997 3039 1106 3102 regem
1133 2995 1299 3085 ventorum

159 3122 357 3200 Hippotaden,
373 3116 509 3176 Homeri
532 3116 677 3197 exemplo
697 3117 729 3176 in
754 3117 814 3177 Od.
835 3121 875 3195 X,
895 3123 936 3197 2,
958 3122 1077 3185 diserte
1104 3117 1191 3190 idem
1212 3137 1297 3190 vocat

159 3222 236 3282 Met.
265 3224 321 3298 Xl,
349 3215 624 3300 431.,X1V,223.
647 3230 682 3282 et
702 3224 778 3284 alibi
799 3226 876 3306 (etsi
899 3250 1072 3313 numquam
1095 3233 1127 3292 in
1152 3233 1183 3295 h.
1214 3235 1297 3316 Ep),
1333 3273 1334 3292 ι

161 3323 240 3389 illud
262 3349 327 3389 non
348 3328 454 3389 statim
477 3349 547 3389 rem
567 3326 747 3410 expeditam
761 3311 878 3391 reddit
899 3333 977 3393 Nam
991 3334 1297 3422 Hippotadesaeque

94 3423 98 3430 ⁸
162 3433 226 3496 dici
247 3443 356 3516 potest
376 3434 539 3518 Hippotae
570 3454 734 3516 pronepos
760 3456 797 3495 ac
827 3437 918 3514 filius,
946 3447 982 3497 ut
1016 3442 1170 3504 Aeacides
1202 3463 1297 3526 aeque

159 3540 303 3624 Pyrrhus
325 3539 414 3601 audit
434 3560 471 3600 ac
491 3538 615 3600 Peleus.
636 3539 703 3600 Nec
723 3560 798 3599 sane
820 3541 858 3600 ub
881 3544 1026 3605 omuibus
1048 3550 1234 3610 auctoribus
1260 3547 1298 3610 ei·

86 3639 88 3644 ’
162 3644 237 3707 dem
262 3647 364 3708 Aeolo
392 3644 541 3722 defertur
560 3667 698 3729 regnum
726 3641 908 3709 ventorum.
951 3652 1047 3714 Diod.
1077 3655 1140 3716 Sic.
1174 3658 1246 3717 lo‘co
1272 3675 1295 3714 c.

160 3752 294 3814 tertium
315 3753 461 3829 Aeolum,
482 3753 568 3812 Arne
591 3759 625 3813 et
651 3751 802 3832 Neptuno
830 3754 983 3835 genitum,
1015 3760 1110 3820 maris
1139 3759 1295 3843 Tyrrheni

159 3857 286 3934 insulas,
318 3857 465 3919 Aeolidae
487 3856 527 3918 de
550 3857 680 3917 nomine
702 3877 759 3917 suo
783 3856 892 3936 dictas,
921 3879 1092 3943 occupasse
1122 3865 1295 3948 urbemque

158 3963 205 4025 ibi
224 3964 366 4046 Liparen
387 3964 571 4025 exstruxisse
592 3961 714 4023 scribit.
736 3960 825 4024 Idem
845 3984 934 4042 vero,
955 3965 1012 4029 lib.
1032 3964 1072 4027 V.
1101 3988 1129 4028 c.
1160 3972 1199 4047 7.,
1220 3981 1295 4031 tam-
1332 4039 1333 4050 χ

157 4091 254 4152 qnam
273 4074 321 4133 sui
344 4072 472 4147 oblitus,
498 4079 598 4136 Αἴολον
622 4072 670 4132 τὸν
690 4072 812 4142 ‘lunden
842 4070 1004 4154 Hippotae
1032 4072 1143 4152 filium,
1162 4076 1293 4159 Liparae
1332 4067 1333 4122 l

157 4176 336 4258 appulsum,
355 4175 496 4258 Cyanen,
522 4174 640 4254 Liparo
670 4193 747 4266 rege
776 4174 898 4235 insulae
935 4185 1136 4260 prognatam,
1167 4196 1293 4240 uxorem
