2709 4675
233 7 273 47 ra
307 0 427 47 tianae
453 0 517 43 ¹⁸⁷¹.
766 1 970 72 praecinctus
1014 0 1043 42 ’λι

178 67 339 131 Pisander
361 67 406 130 19.
770 68 901 152 pracda,
923 91 1012 130 arma
1033 77 1067 130 et
1087 70 1158 130 sim.
1180 68 1240 131 diis
1253 93 1309 132 sm.

176 153 267 233 pium
286 164 335 211 tus
355 144 425 213 544.
785 193 788 206 .
809 145 1048 233 pendebantur,
1070 150 1277 234 ponebantur
1288 154 1309 213 i.

177 231 316 315 placida
338 231 428 291 unda
446 232 516 296 511.
766 233 1026 316 praemedicatus
1046 231 1117 300 960

177 316 333 398 plangere
351 327 487 394 pectora
507 313 577 379 955.
766 315 959 399 praepedire
978 315 1050 379 393-

177 398 304 482 plectra
324 417 448 456 movere
467 395 517 460 61.
610 463 620 480 x
769 396 969 479 praepositio
990 396 1100 479 primo
1123 396 1199 457 locu
1229 399 1309 459 cmit-

176 479 289 566 plenus
309 477 379 540 599.
810 480 891 539 titur
912 479 982 545 133-
1006 477 1075 541 189.
1097 473 1169 540 943

177 561 323 622 Pleiones
341 580 448 640 nepos,
464 557 644 622 Mercurius
659 555 730 621 399.
767 581 921 644 praeseus
942 582 1004 643 pro
1026 560 1141 620 futuro
1161 559 1215 624 56.
1240 561 1299 626 109.

179 644 271 702 Plias
291 640 502 722 penultimam
521 638 677 721 producit
699 649 732 700 et
766 664 920 727 praesens
940 643 1016 703 deus
1035 637 1109 705 416.
1130 642 1204 708 557.

178 715 699 867 irascimini·
766 726 949 868 unzi}
969 722 1242 887 ilum

144 922 150 932 ·
180 886 312 969 pluralis
334 849 461 947 numeri
481 907 555 946 usus
579 883 731 949 109198·
766 830 1180 971 lpirueterita’penultimnm
1213 888 1309 948 ienis«

179 968 312 1052 pluralis
332 968 425 1029 verbi
437 989 503 1029 non
514 966 644 1029 delinito
652 987 731 1050 per·
804 990 968 1052 personae
989 969 1075 1050 plur.
1088 990 1199 1050 ‹sacpe
1223 966 1309 1030 corsi

135 1053 139 1060 '
192 1072 300 1112 ·sonn
319 1050 389 1114 398
807 1052 903 1134 pinnt
939 1049 1006 1114 168.
1041 1052 1266 1134 praeteritum
1289 1050 1309 1108 ι’.

178 1134 249 1216 plus
270 1132 345 1193 ioco
368 1153 404 1193 eo
449 1134 496 1192 lus
515 1126 585 1195 468
807 1138 920 1216 oplcroc
935 1145 939 1150 ’
955 1133 1024 1197 515.
1054 1142 1130 1214 post
1189 1131 1309 1193 caeteri

179 1154 491 1299 plusquamperliicti
538 1213 622 1275 coni.
656 1233 729 1272 usus
808 1224 877 1275 tum
889 1227 924 1275 ut
940 1235 1013 1274 eum
1023 1235 1129 1295 praes.
1140 1216 1168 1278 5⁴
1210 1235 1309 1296 .praa·

220 1296 289 1364 965.
310 1296 664 1392 plusquamperfectum
689 1293 729 1353 ad
807 1296 894 1358 terit.
916 1294 1046 1357 indicas
1054 1317 1117 1378 pro
1135 1295 1309 1379 plusquam

217 1376 350 1452 modum
373 1381 490 1439 Graeci
512 1377 629 1438 coristi
649 1371 718 1444 943
806 1379 890 1461 perf.
913 1378 1076 1440 couiunct.
1095 1374 1172 1442 940.

178 1463 307 1556 poetria
327 1459 397 1524 375.
440 1497 443 1506 ·
764 1463 894 1543 πράσσειν
915 1457 982 1540 αἷμα
1001 1460 1073 1524 335.

179 1543 298 1611 Pollux
318 1542 507 1622 Amyclaeas
527 1540 595 1606 185.
616 1534 687 1604 491.
763 1564 858 1626 prece
876 1545 1031 1604 uenerari
1050 1542 1100 1604 98.

179 1625 319 1706 Polybus
341 1627 388 1688 19.
762 1645 892 1707 precor,
915 1624 1020 1684 adoro
1043 1627 1112 1686 sine
1128 1636 1309 1706 nuncuper¹

179 1704 379 1786 Polydamas
399 1726 438 1766 an
452 1705 513 1766 Pul
535 1701 727 1769 damasiiifi·
807 1726 916 1780 sonae,
933 1704 978 1765 ad
1001 1725 1097 1786 quam
1107 1727 1234 1788 preces
1242 1727 1309 1766 con

176 1790 238 1849 Pol
276 1788 386 1848 'luemus
405 1788 474 1852 503
516 1786 565 1850 09.
693 1822 696 1828 -
805 1796 977 1849 vertuntur
997 1783 1067 1852 154.

175 1809 303 1951 porilem
321 1870 460 1952 polliciti
483 1863 548 1932 134.
571 1867 638 1933 153.
761 1872 867 1954 premi
898 1884 988 1931 nocte
1015 1866 1085 1932 940.
1113 1891 1268 1950 premere
1295 1871 1309 1925 i

175 1972 294 2032 ponere
313 1972 375 2033 pro
395 1972 514 2034 ponere
534 1952 648 2015 sel5i·
691 1969 728 2009 o·
772 1953 888 2012 xretia
917 1975 1042 2016 cervum
1077 1951 1129 2014 75.
1164 1971 1309 2033 premere

217 2055 290 2094 nere
308 2053 373 2115 pro
395 2033 551 2116 deponere
572 2032 641 2095 959.
655 1970 725 2097 456.
804 2033 958 2115 amplecti
977 2034 1048 2097 997.
1075 2037 1246 2115 premitur
1273 2034 1309 2094 ba

63 2179 72 2192 „
199 2137 335 2198 ponere
355 2116 420 2176 diis
441 2115 531 2176 donc
557 2114 626 2179 981.
654 2115 723 2179 549.
804 2137 927 2177 vomere
947 2113 1019 2179 969.

185 2209 189 2217 ’
218 2198 304 2258 conf·
326 2197 426 2278 Epist.
448 2199 470 2257 1.
492 2196 540 2261 96.
759 2219 897 2280 pressus,
920 2197 1060 2278 scriptus
1080 2191 1155 2260 944

173 2282 308 2362 positus,
328 2289 485 2356 mortuus,
513 2279 619 2347 iacens
652 2274 721 2342 941.
758 2282 896 2364 pretium
917 2279 949 2339 in
971 2278 1088 2340 malam
1110 2275 1309 2362 partcmlssi

171 2418 176 2426 ,
218 2362 315 2423 immo
356 2366 415 2423 rite
445 2365 575 2444 positus.
612 2363 721 2443 posita
764 2365 911 2424 Priamus
925 2360 980 2425 10.
999 2361 1071 2428 499.

216 2466 324 2508 merua
344 2439 414 2509 411.
758 2448 855 2525 prior
875 2442 947 2510 455

172 2525 414 2673 pontusffielles
434 2525 453 2585 i.
477 2546 506 2607 q.
530 2518 721 2606 Hellespon-
758 2548 821 2609 pro
843 2527 917 2604 ioco
936 2529 1032 2610 proli.
1054 2525 1106 2591 60.
1125 2548 1194 2609 pro
1214 2526 1309 2610 pudo

215 2617 265 2668 tus
308 2610 358 2671 9.
799 2610 870 2675 913.
968 2641 975 2651 ·

170 2691 285 2773 populi
312 2687 352 2750 ad
379 2682 464 2770 ripas
493 2686 644 2750 seruntur
670 2686 719 2761 98.
758 2691 996 2774 ρποαάιί913.

210 2772 347 2855 populus
367 2772 446 2832 alba
468 2766 537 2836 904.
760 2781 882 2834 Procne
902 2772 972 2837 359.

170 2856 340 2936 porrigere
362 2874 436 2915 cum
460 2853 522 2913 ahl.
544 2851 608 2913 loci
629 2845 678 2914 44.
760 2875 939 2935 procorum
959 2851 1144 2933 Penelopes
1165 2872 1266 2915 num.
1284 2850 1309 2916 1⁸1

169 2949 282 3018 portus
318 2944 351 2997 et
380 2956 445 2995 ara
474 2936 647 3017 iunguntur
670 2933 719 2996 99.
759 2948 940 2999 Procrustes
958 2929 1009 2999 34.

210 3012 416 3101 1101153340.
756 3040 948 3102 procurrere
969 3038 1043 3077 cum
1065 3014 1131 3076 abl.
1156 3017 1232 3079 loci
1258 3014 1309 3083 41,

167 3108 269 3182 posse.
299 3098 464 3182 singularis
496 3097 588 3159 huius
626 3098 718 3161 verbi
755 3101 858 3183 prodi
885 3122 909 3161 α
937 3119 1048 3161 sonmo
1082 3098 1131 3161 ll·
1163 3102 1309 3181 prodar

212 3205 229 3243 u
254 3181 299 3242 ud
328 3183 488 3245 Nasonem
517 3201 590 3259 usus
619 3180 647 3244 6.
669 3180 718 3246 93.
799 3182 838 3244 de
858 3185 950 3245 foetu
969 3181 1040 3244 957.
1060 3175 1132 3245 413.

251 3264 279 3325 7.
298 3287 389 3347 posse
411 3286 484 3326 cum
505 3263 559 3323 ins.
573 3263 717 3345 ferepro
754 3265 932 3347 producere
952 3264 1023 3331 317.

209 3346 320 3409 futuro
341 3343 411 3412 439.
564 3412 569 3423 ,
754 3349 889 3430 πρόληψις
907 3345 957 3414 37.
978 3344 1049 3412 315.

166 3451 248 3511 prae
271 3428 506 3510 comparationi
528 3426 716 3491 inservitfii.
756 3438 940 3513 pronomen
948 3427 1112 3491 omittitur
1124 3426 1158 3487 in
1179 3432 1309 3515 oppnsi

164 3512 319 3591 praebere
346 3511 416 3577 379.
462 3511 619 3592 praebere
652 3533 715 3594 pro
796 3510 836 3572 tis
856 3510 926 3578 465.
