2709 4675
177 224 282 286 mv
524 227 551 289 P
571 228 599 289 R
619 225 649 286 O
672 224 702 286 0
721 224 749 286 E
771 225 805 284 M
826 226 838 285 Ι
859 223 891 284 U
911 223 953 286 M.

179 369 217 429 et
241 357 360 459 Epist
388 358 494 450 XIX,
520 358 578 433 65.

275 496 329 556 Me
350 494 507 572 miserem,
527 500 615 561 brevis
636 503 684 557 est
704 496 784 558 haec
806 507 840 558 et
860 518 925 557 non
949 517 1023 558 vera
1043 502 1193 580 voluptas

340 602 420 663 Nam
440 610 483 662 tn
496 626 566 666 cum
584 627 687 667 somno
705 630 818 689 semper
836 609 915 669 abire
935 602 1026 663 soles.

177 706 316 781 Versus
348 709 424 781 133.
449 720 487 780 et
516 707 593 799 134.
620 721 763 782 autem:

283 846 428 909 Ulteriora
446 850 537 928 pudet
557 868 681 910 narrare
686 873 701 926 ,-
721 843 777 905 sed
798 846 904 906 omnia
925 845 1023 915 fiunt3

342 950 387 1010 Et
408 949 498 1010 iuvat
519 959 553 1011 et
572 959 634 1017 sine
654 965 682 1016 te
701 977 761 1016 non
782 958 848 1018 licet
868 973 935 1012 esse
957 949 1035 1011 mihi
1057 982 1097 996 -

178 1093 268 1141 cum
290 1065 370 1140 Art.
396 1067 441 1146 A.
467 1067 531 1157 111,
559 1071 640 1172 769.
671 1090 817 1150 Ulteriora
834 1089 924 1162 podet
943 1083 1083 1158 docuisse,
1125 1062 1222 1135 Fast.
1265 1063 1314 1148 V,

177 1186 258 1259 532.
279 1207 382 1266 Pudor
401 1216 454 1281 eo,
475 1208 616 1269 unedoni
635 1209 725 1289 loqui,
747 1204 786 1263 et
805 1189 921 1288 Epist.
943 1185 1052 1276 XIX,
1077 1186 1136 1259 63.

278 1321 444 1403 Multaque
463 1337 613 1405 praetereo
634 1323 760 1405 linguae
783 1320 948 1384 reticendo
970 1320 1151 1404 modestae,

338 1436 422 1513 Quae
431 1434 540 1510 fecisse
559 1435 749 1512 iuvatjfooto
769 1436 877 1514 rp'erre
894 1437 993 1515 pudet

175 1535 222 1609 V.
255 1535 350 1607 152.:
377 1577 427 1591 -
452 1555 486 1608 et
508 1547 613 1608 nullae
635 1547 729 1608 dulce
752 1556 933 1630 queruntur
953 1567 1035 1625 aves,
1057 1559 1144 1606 cum
1160 1532 1309 1626 XVIII,

85 1651 89 1659 ¹
175 1661 236 1733 82.
263 1656 309 1731 al.
335 1656 497 1731 Versum
522 1652 687 1754 denique
713 1678 816 1751 ²⁰9⁸

281 1788 346 1865 Qui
368 1814 433 1853 meo
452 1794 540 1854 verto
549 1767 670 1870 serant,
691 1790 805 1850 veliem
825 1804 878 1853 tuo
897 1795 964 1854 velo
984 1795 1128 1868 referrent
1147 1822 1187 1837 -

178 1890 355 1967 Ovidiani
381 1895 561 1967 acuminis
586 1897 784 1996 specimen,
811 1920 992 1996 compone
1012 1920 1100 1968 cum
1120 1892 1240 1994 Epist.
1256 1893 1306 1979 ΙΙ,

178 2015 237 2088 25.
258 2017 317 2089 26.

276 2152 504 2235 Demophoon,
523 2131 617 2216 dentis
637 2165 666 2215 et
686 2155 773 2215 verba
793 2165 822 2214 et
840 2157 908 2215 velo
927 2157 1045 2217 dedisti:

340 2265 411 2325 Vela
433 2283 538 2342 queror
558 2262 664 2337 reditu,
684 2262 774 2321 verbo
793 2264 965 2341 sorerefide
988 2293 1027 2304 -

176 2377 214 2437 et
237 2365 354 2466 Epist.
381 2364 462 2453 Vll,
490 2368 523 2439 8.

338 2490 443 2571 Atque
465 2485 551 2548 idem
569 2492 651 2552 venti
666 2492 735 2552 volo
743 2493 894 2571 fidemque
905 2493 1022 2569 serm
1125 2490 1126 2493 '

176 2594 229 2667 Et
251 2619 287 2666 v.
315 2593 397 2666 213.
415 2619 424 2663 :

279 2713 376 2774 Solve
399 2720 516 2775 rotem:
538 2712 657 2793 Venus,
677 2730 744 2780 orto
763 2720 851 2792 mari,
872 2736 953 2780 'W
967 2730 1097 2799 Praestos
1117 2714 1239 2776 amanti
1260 2750 1304 2764 -

178 2847 267 2896 cum
291 2821 407 2923 Epist.
433 2819 535 2907 XVI,
563 2821 621 2894 23.

339 2948 379 3008 In
398 2968 480 3009 more
500 2943 652 3004 nimirum
671 2950 717 3009 ius
737 2949 826 3009 hebet
844 2960 909 3010 orto
930 2948 1007 3009 moti
1027 2977 1066 2992 -
1102 2982 1110 2999 .

178 3055 286 3144 XIX,
322 3061 400 3151 159.

178 3208 181 3225 ·
280 3182 436 3245 .....’.
457 3221 465 3243 .
486 3220 495 3241 .
515 3220 524 3241 .
545 3192 620 3233 auso
641 3176 739 3237 Venus
757 3177 953 3256 ipsasavebit,

339 3284 454 3345 Sternet
472 3294 500 3342 et
519 3302 685 3360 aequoreos,
706 3303 830 3360 aequore
850 3294 932 3356 nato,
951 3284 1025 3343 vias.

248 3395 337 3491 Quo
351 3398 475 3468 minus
489 3376 603 3496 igitur
615 3410 876 3497 argumentum
886 3409 998 3497 atque
1012 3423 1093 3468 rem
1103 3393 1149 3466 ab
1164 3393 1307 3468 Ovidio

181 3544 227 3591 ex
251 3514 436 3617 Sapphus,
470 3519 577 3590 cuius
608 3518 797 3591 lasciviam
825 3533 862 3591 et
895 3519 1042 3593 sibimet
1069 3517 1135 3617 ipsi
1169 3528 1307 3589 natura

178 3639 370 3743 propriam
391 3637 519 3711 laudat
542 3639 622 3710 Art.
649 3640 694 3711 A.
721 3640 786 3727 ΙΙΙ,
813 3642 907 3729 331,
934 3640 980 3713 cf.
1000 3637 1166 3722 Tristll,
1194 3636 1296 3723 365„

178 3774 216 3835 et
254 3759 464 3835 carminum
488 3761 564 3834 vim
596 3786 633 3833 se
658 3761 811 3834 sensisse
847 3759 1046 3835 confitetur
1070 3758 1230 3834 Remed.¹
1251 3761 1299 3833 A.
1342 3810 1343 3847 3

178 3880 386 3986 761.,add.
412 3880 589 3956 Herodot.
616 3883 662 3987 ΙΙ,
707 3884 795 3971 135„
833 3882 917 3957 coll.
951 3886 1066 3984 Epist.
1094 3884 1183 3957 XV.
1217 3910 1239 3954 a
1264 3909 1303 3956 v.

175 4006 235 4078 63.
262 4029 342 4107 sqq.
368 4049 418 4064 -
441 4005 619 4104 poematis
637 4007 752 4106 petita
767 4033 843 4079 esse
857 4009 1079 4107 negaverim,
1104 4033 1147 4079 eo
1164 4007 1306 4080 certius
1340 3942 1342 4053 i

174 4127 267 4201 mihi
293 4143 357 4219 est,
371 4131 638 4203 sententiarum
664 4131 899 4228 singularem
925 4133 1110 4204 rationem
1124 4130 1302 4205 Ovidiani

174 4252 312 4352 ingenii
339 4250 566 4327 censendam
581 4262 700 4325 esse.“
725 4252 913 4328 Hactenus
922 4252 1086 4327 Werser.
1113 4252 1307 4328 Addimus
