2709 4675
165 184 213 244 L.
469 187 914 250 ruoounttuut.

167 315 265 406 ride,
292 345 339 390 an
365 345 409 391 ex
436 318 570 393 eodem
595 317 951 424 calamopfluxerint,
980 344 1027 392 ex
1048 341 1125 419 quo
1150 314 1187 388 hi
1211 341 1300 402 rer-

101 477 104 482 ·
166 466 229 515 sus
263 443 343 514 Art.
370 444 455 520 Am.
486 444 757 545 11‚367-372.
792 524 795 530 ,

270 569 355 648 Cogis
374 571 553 631 adulterium
571 573 673 630 dando
692 581 860 649 tempusque
879 572 1041 648 boumque.

337 679 403 755 Quo
423 677 480 737 uisi
497 676 617 766 oonsilio
637 697 691 746 usa
708 677 808 753 puella
829 672 903 735 utel

268 778 356 857 Quid
377 779 493 838 faeiat?
514 777 574 839 Vir
594 777 751 882 abestqet
771 777 861 838 adest
882 798 948 837 non
968 775 1105 839 rusticus
1125 774 1254 859 hospes,

328 890 370 950 Et
389 890 471 950 timet
491 890 523 948 in
543 908 639 950 vacuo
659 890 724 948 solo
742 890 849 949 cubare
867 899 940 949 toro.

263 988 396 1058 Viderit
412 989 555 1050 Atrides:
579 989 725 1052 Helenen
747 1009 807 1075 ego
829 990 964 1054 erimine
985 971 1090 1065 solvo}

332 1102 391 1161 Usa
411 1111 453 1162 est
473 1100 826 1163 humanteommodtuu
845 1103 912 1164 viri.

96 1227 98 1231 ⁴
161 1204 323 1276 Versum
354 1229 453 1277 ton:

326 1329 488 1405 Ardebant,
509 1332 638 1410 quamuis
660 1332 732 1393 ltine
750 1333 855 1412 procu
874 1331 949 1411 ignis
970 1346 1034 1396 erat
1061 1364 1101 1376 -
1165 1349 1169 1356 '

164 1432 262 1504 conl.
292 1457 380 1506 cum
402 1434 530 1505 Amor.
549 1433 595 1524 113
627 1434 680 1521 16,
712 1458 767 1504 ιι.
790 1457 842 1503 12.

233 1553 987 1637 =Atmensignisnhest‚......,‚‚„

322 1668 406 1745 Quae
426 1675 518 1726 moret
537 1666 669 1738 ardores,
689 1672 729 1723 est
747 1665 869 1741 procul3
889 1666 980 1724 ariter
998 1667 1090 1724 adest.

234 1776 309 1852 Sed
334 1779 458 1851 omnia
485 1775 674 1850 afferenda
688 1788 819 1863 essent,
836 1776 865 1849 si
878 1777 1031 1877 singula,
1048 1804 1143 1878 quae
1156 1796 1291 1880 aperte

158 1878 325 1977 colorem
349 1927 392 1975 ac
417 1897 710 1976 similitudinem·
727 1896 953 1972 Ouidianum
977 1899 1288 2000 praeseferunt,

155 2026 331 2126 persequi
354 2023 544 2097 vellemus.
567 2079 570 2092 .

167 2154 174 2166 ⁶
231 2160 355 2259 Atque
382 2170 425 2230 ut
462 2156 512 2231 ad
544 2156 753 2257 Epistulam
787 2155 909 2231 XVII.
935 2157 1127 2256 perveniat
1151 2160 1288 2250 oratio,

156 2278 204 2352 de
229 2278 371 2354 scholio
397 2278 480 2353 cod.
506 2278 674 2367 Palatini,
710 2286 787 2379 quo
814 2305 856 2352 ea
880 2278 1017 2352 Sabino
1040 2278 1286 2373 adscribitur,

154 2404 250 2507 quid
275 2403 513 2479 sentiendum
537 2404 594 2502 sit,
621 2405 696 2477 iam
720 2401 1001 2502 supradictum
1028 2418 1092 2477 est,
1125 2406 1288 2480 Nasonis

157 2541 283 2600 nutem
308 2552 395 2616 esse,
422 2528 605 2599 iam'ante
630 2551 698 2599 nos
725 2523 996 2599 confirmarunt
1022 2540 1065 2617 ,et
1088 2553 1155 2603 sua
1182 2530 1290 2628 quis-

157 2675 249 2748 que,
287 2642 426 2749 quibus
466 2646 505 2720 id
542 2646 777 2751 efficeretur,
818 2660 1035 2746 argumenta
1074 2648 1288 2722 attulerunt

155 2770 324 2869 Lennep,
357 2771 473 2842 Amar
511 2782 548 2841 et
577 2768 747 2845 Werfer:
787 2769 941 2869 Lennep
967 2768 1006 2840 in
1039 2768 1300 2845 adnotatione.

155 2874 204 2964 ad
233 2891 330 2965 hanc
356 2892 574 2992 Epistolam,
614 2890 716 2981 „Sed
741 2892 820 2991 ipsa
843 2916 1091 2962 numerorum
1112 2888 1287 2981 facilitaS,

157 3017 292 3115 inquit,
320 3028 356 3087 et
382 3016 421 3087 in
447 3013 693 3115 exprimendo
717 3012 895 3086 muliebri
912 3013 1059 3121 ingenio
1084 3009 1291 3084 servando-

158 3134 233 3240 que
259 3164 440 3240 personae
467 3136 602 3211 decore
638 3133 858 3208 admirabile
889 3142 1044 3235 prorsus
1081 3133 1289 3208 artificium

152 3283 230 3330 non
256 3256 383 3331 Sabini
409 3258 522 3346 illam,
547 3258 624 3347 sed,
652 3273 694 3331 ut
723 3271 874 3345 ceteras,
901 3256 1054 3330 Nasonis
1071 3282 1158 3345 esse,
1176 3270 1286 3331 extra

152 3408 315 3469 omnem,
356 3407 416 3453 me
456 3380 614 3481 quidem
652 3380 788 3468 iudice,
828 3378 1100 3451 dubitationem
1136 3379 1289 3478 ponit.“

105 3554 108 3560 ψ
150 3503 276 3603 Atque
302 3504 342 3573 in
367 3501 526 3576 eandem
552 3503 775 3575 sententiam
795 3500 895 3575 cedit
919 3486 1109 3575 adnotatio
1127 3500 1287 3593 editoris

150 3624 263 3712 Galli,
292 3625 370 3723 qui,
422 3624 493 3716 „In
517 3623 587 3697 hac
611 3624 790 3724 Epistola,
815 3622 1168 3725 inquit,‘quidquid
1192 3626 1286 3698 artis

150 3748 190 3819 in
218 3745 344 3816 animo
374 3726 552 3819 muliebri
580 3747 685 3835 inest,
710 3761 753 3819 ut
778 3748 932 3819 amantis
961 3746 1144 3846 impetum
1167 3744 1288 3819 modo

150 3862 384 3969 supprimat,
410 3867 540 3941 incitet
577 3869 709 3959 modo,
749 3896 852 3971 spem
887 3882 1106 3969 metumque
1138 3866 1292 3941 vicibus

147 3991 301 4081 alternis
327 3989 378 4063 ite
405 4004 599 4091 temperet,
627 4005 671 4064 ut
683 3993 917 4093 propositum
932 3989 1046 4063 finem
1058 3991 1172 4064 miser
1185 4018 1289 4064 nun·

147 4139 265 4213 quam
296 4124 424 4211 tangat
445 4116 610 4214 propior,
637 4141 752 4216 quam
777 4141 897 4216 quum
920 4114 1065 4215 longius
1090 4113 1293 4214 repulsum

150 4264 187 4311 se
215 4236 408 4325 existimat,
448 4235 671 4311 mirabiliter
696 4235 789 4311 adeo
807 4236 1033 4339 depingitur,
1048 4251 1090 4312 ut
1103 4237 1294 4322 Ovidium
