2709 4675
394 216 828 296 ruoornrun.
1051 217 1170 286 ιω

58 364 175 414 nanos
200 342 240 415 in
266 340 409 416 honore
434 359 551 434 erant,
577 345 791 449 cupideque
815 348 1043 450 legebantur,
1071 361 1171 421 aute

60 459 206 536 clariore
230 463 366 565 aliquo·
383 478 492 566 poeta
516 469 661 558 Latino,
686 471 791 542 velut
813 472 980 572 Virgilio,
1006 472 1170 572 repetitis

59 585 152 683 quasi
177 581 409 688 distinguere
441 592 555 690 ‘atque
586 589 755 665 colorare
788 590 992 665 videretur.
1043 593 1169 692 Atque
1201 673 1203 678 4

58 732 128 779 eam
151 709 368 809 opinionem
392 738 515 785 meam
539 714 734 814 insigniter
764 713 984 789 confirmare
1018 712 1171 788 videtur
1235 797 1246 811 .

59 823 110 900 lic
133 826 242 902 locus
268 831 322 903 Μ.
348 832 394 905 Α.
419 834 581 908 Senecae
607 838 772 932 (Suasor.
796 837 892 934 lll.)·.
931 837 1015 908 Hoc
1043 848 1170 906 autem

58 953 114 1043 (sc.
139 951 474 1051 aperiasaealiorum
498 957 733 1043 imitationes,
761 971 798 1029 et
822 957 1037 1053 allusiones)
1069 954 1169 1026 dice·

58 1070 113 1144 bat
139 1073 266 1146 Gallio
290 1075 443 1148 Nasoni
466 1102 537 1149 suo
560 1076 673 1149 ualde
703 1078 914 1178 placuisse,
938 1059 1079 1178 'itaque
1101 1073 1170 1175 fe·
1260 1057 1273 1073 ⁷

59 1195 161 1281 cr'sse,
186 1194 352 1296 quodie
376 1197 506 1271 multis
530 1198 617 1271 aliis
641 1198 819 1305 uersibus
848 1198 1041 1296 Virgilius
1056 1194 1170 1295 sece-

59 1323 127 1399 rat,
150 1338 228 1386 non
259 1319 494 1417 surripiendi
525 1344 679 1408 caussa,
715 1297 787 1393 sed
816 1319 945 1421 palam
981 1317 1168 1404 imitandi,

56 1431 136 1508 ltoc
157 1442 327 1528 animo,
353 1454 402 1511 ut
425 1440 572 1514 vellet
596 1446 808 1541 agnosci.
870 1479 871 1482 ¹

430 1621 691 1740 CAPUT
737 1622 819 1700 V..

121 1781 175 1855 De
216 1809 306 1856 vera
338 1796 375 1856 et
410 1807 587 1884 germana
619 1779 757 1855 horum
796 1782 1006 1854 carminum
1040 1783 1168 1855 inscri-

58 1906 172 2004 ptione
197 1904 403 1980 dubitatur.
441 1902 600 2011 Ovidius
626 1883 669 1977 ea
702 1927 997 1978 commemorans
1030 1903 1169 2005 simpli·

60 2027 144 2100 citer
166 2027 361 2127 Epistolas
385 2025 557 2128 appellat,
582 2027 662 2099 Art.
689 2028 773 2099 Am.
799 2026 866 2114 Ill,
889 2027 972 2119 346.

147 2173 208 2236 Vel
229 2173 291 2235 tibi
313 2173 489 2256 composita
511 2180 661 2232 cantetur
680 2177 812 2257 Epistola
831 2195 931 2236 voce:

208 2267 356 2350 ignotum
378 2265 441 2326 hoc
461 2264 529 2326 aliis
551 2265 605 2326 ille
628 2267 758 2349 novarit
780 2289 868 2350 opus.

58 2380 302 2457 APrisciano
323 2382 398 2478 ·(X.
432 2408 464 2456 c.
501 2409 537 2481 9.
577 2360 717 2480 Μή.)
754 2385 941 2460 Heroides
972 2403 1166 2463 vocantur.

18 2488 21 2505 ¹
60 2502 197 2580 Eodem
220 2505 372 2595 nomine
392 2506 537 2606 saepius
558 2503 762 2578 laudantur
787 2533 808 2577 a
833 2503 1027 2585 scholiasta
1051 2513 1169 2585 Meta-

60 2624 308 2729 morphoseon,
333 2626 613 2699 sarisberiensis
637 2628 822 2727 Polycrat.
847 2628 875 2717 I,
908 2655 974 2719 12,
1007 2632 1167 2721 „Naso,

60 2744 181 2848 inepiit,
208 2753 250 2822 in
275 2748 370 2823 libro
396 2750 653 2822 Heroidam.“
695 2749 824 2822 Codex
866 2728 1173 2826 Helmstadiensis

61 2868 161 2945 habet
184 2874 396 2947 Heroidum
421 2872 518 2945 liber
544 2873 676 2945 Ovidii.
721 2872 764 2943 ln
798 2873 991 2946 nonnullis
1030 2873 1169 2949 codici-

57 2990 120 3070 bus
144 3009 181 3069 et
203 2997 359 3070 vetustis
383 2994 609 3069 editionibus
646 2993 789 3095 duplici
828 2994 939 3069 titulo
980 3000 1168 3075 Heroides

58 3117 124 3190 sire
146 3119 339 3222 Epistolae
364 3116 633 3205 inscribuntur,
656 3117 695 3187 in
720 3114 800 3188 aliis
827 3117 1018 3217 Epistulae
1032 3093 1167 3197 Heroi-

59 3235 138 3310 dum
160 3237 233 3328 vel,
259 3252 303 3312 ut
325 3238 439 3339 vulgo
479 3236 615 3327 editur,
660 3238 857 3312 Heroides.
903 3237 1009 3329 Sunt,
1048 3243 1113 3343 qui
1146 3271 1166 3317 e

59 3356 132 3435 loco
157 3361 181 3435 l.
207 3363 308 3435 Artis
334 3362 544 3435 Amatoriae
575 3357 730 3433 titulum
761 3373 935 3433 censeant
965 3389 986 3433 a
1021 3363 1166 3438 Nasone

58 3477 106 3557 tis
127 3485 354 3561 carminibus
388 3482 550 3557 inditum
582 3505 659 3553 esse
696 3481 896 3580 Epistulae.
948 3481 1024 3577 Qui
1051 3484 1167 3576 locus,

59 3628 115 3705 ego
150 3582 357 3681 admodum
383 3604 526 3693 dubito,
552 3630 599 3676 an
624 3600 789 3675 multum
812 3601 934 3674 valeat
965 3603 1014 3677 ad
1039 3618 1166 3679 aucto-

59 3729 193 3804 ritatem
215 3716 272 3802 tot
302 3729 489 3804 librorum
527 3740 564 3799 et
595 3738 766 3800 veterum
802 3702 1029 3823 scriptorum
1068 3722 1168 3796 labe-

57 3847 257 3927 factandam
282 3866 394 3955 atque
420 3847 671 3926 evertendam.
710 3844 806 3923 Nam
830 3868 951 3947 quum
974 3856 1084 3943 poeta
1112 3844 1164 3918 ihi

58 3994 125 4047 uon
148 3974 290 4049 tamid
326 3988 461 4077 ageret,
497 3985 541 4076 ut
579 3969 706 4044 titulos
747 3966 973 4067 scriptorum
1010 3992 1167 4043 suorum

60 4110 217 4170 accurate
240 4094 418 4186 referret,
446 4088 561 4197 quam
586 4107 634 4166 ut
653 4088 957 4190 satis'perspicue
987 4113 1030 4159 ea
1055 4089 1168 4190 signi.

38 4210 182 4313 ·ficaret,
208 4244 404 4325 quumque
429 4230 621 4325 praeterea
646 4228 683 4291 et
713 4235 842 4288 versus
879 4222 916 4281 et
956 4222 1164 4292 metrorum
