2709 4675
268 211 277 221 ·
373 190 617 266 annona
642 190 852 265 esaim
1112 156 1193 268 ns

55 335 154 433 Quod
176 361 302 437 neque
325 334 557 436 graminibus
581 333 692 407 tellus
717 332 881 409 fecunda
907 332 1078 409 creandis

88 448 160 521 Nee
185 445 290 534 (leus,
317 445 501 518 auxilium
526 456 569 516 tu
594 442 686 517 mihi
711 443 810 523 ferre
833 459 951 546 potes.

50 557 90 628 Et
109 568 223 653 potes,
250 566 287 626 et
310 555 456 628 merui:
483 552 618 655 dignae
642 553 820 628 miserere
843 555 1011 656 puellae;
1083 650 1087 653 ι
1112 564 1183 638 155

83 667 163 741 Non
190 689 257 765 ego
283 690 373 738 cum
397 664 535 737 Danais
561 691 665 736 arma
690 677 848 737 cruenta
871 665 964 757 fero,
1026 736 1029 741 ,

47 778 110 854 Sed
131 793 197 851 tua
223 801 309 849 sum
332 789 535 876 tecumque
559 772 616 847 fui
642 774 853 875 puerilibus
879 778 1004 870 annis;

83 891 132 964 Et
154 900 232 974 tua,
262 882 368 986 quod
393 897 563 987 superest
586 886 776 986 temporis,
802 910 881 960 esse
901 910 1048 988 precor.

46 1093 121 1146 utar
142 1080 248 1143 euim:
268 1096 423 1165 postquam
442 1104 489 1143 me
505 1105 592 1143 omo-
632 1100 717 1221 guae
740 1102 826 1141 nune
846 1081 897 1141 vix
918 1081 998 1142 ferri
1018 1103 1111 1164 posse
1138 1084 1188 1143 vi-

45 1171 85 1245 vit,
102 1172 190 1231 atam
209 1167 360 1228 Alcestida
379 1166 486 1227 άείηάσ
505 1187 592 1225 oma-
656 1171 740 1240 etur,
761 1184 835 1223 cum
856 1163 901 1223 sie
928 1162 1065 1224 Oenone
1087 1165 1188 1246 Apol·
1248 1182 1252 1187 ·

44 1254 90 1329 al,-
108 1246 163 1308 sed
185 1272 205 1309 a
228 1264 292 1304 non
314 1253 362 1305 est
380 1259 456 1328 post,
479 1263 590 1303 verum
629 1243 703 1303 linia
718 1245 751 1305 in
768 1243 1091 1305 Admetumamorem
1113 1254 1186 1306 tan-

44 1332 130 1390 utin
163 1326 311 1388 omnibus
338 1326 399 1401 illis
427 1324 506 1385 locis
526 1350 590 1405 per,
631 1332 702 1385 turn
730 1325 897 1401 innueret,
925 1347 1002 1403 non,
1054 1324 1119 1386 uod
1148 1348 1185 1388 ex

44 1413 195 1472 Graecum
207 1411 282 1479 inb·
304 1406 590 1489 nequecumBur-
630 1406 694 1467 loci
724 1407 851 1468 ratione
878 1410 1012 1468 maxime
1031 1347 1186 1484 llebelsat,

43 1514 149 1553 manno
171 1490 263 1551 innui
289 1492 441 1555 Alcaeum
468 1495 590 1569 putan-
630 1487 749 1549 diserte
759 1496 792 1549 et
805 1489 957 1570 expressis
968 1488 1074 1549 verbis
1084 1511 1187 1551 enun-

42 1574 109 1635 dnm
130 1581 188 1649 est,
200 1593 299 1652 quam
319 1572 444 1631 nesatis
457 1566 589 1652 quidem
628 1570 736 1629 tieret.
780 1571 880 1630 Immo
902 1572 928 1630 si
955 1571 1063 1630 locum
1089 1593 1187 1632 aceu-

43 1663 170 1730 constat,
194 1652 375 1727 Phoebum,
401 1651 479 1711 lieet
500 1671 588 1710 ama·
629 1650 729 1711 ratius
753 1650 934 1727 considero,
951 1652 1094 1732 ineptam
1116 1654 1186 1713 fere

44 1739 81 1798 rit
91 1735 317 1809 valdemultas,
328 1753 470 1814 unquam
487 1752 588 1790 amas-
629 1753 701 1792 eam
722 1733 966 1813 explicationem
977 1742 1188 1814 putem,pro·

41 1840 76 1880 se
102 1819 219 1877 Sensus
249 1823 314 1876 est:
342 1816 412 1895 lpse
435 1821 588 1894 repertor
628 1816 742 1895 pterea
765 1812 852 1895 qnod
869 1813 1025 1896 Apollinis
1039 1815 1069 1872 in
1087 1815 1186 1895 ipsam

40 1902 101 1983 opis
121 1900 215 1973 (artis
236 1894 403 1971 medendi)
420 1915 452 1955 se
473 1913 586 1953 sanare
628 1914 772 1955 amorem
794 1916 891 1977 supra
912 1896 975 1955 iam
991 1895 1121 1977 copiose
1134 1917 1188 1956 ex·

39 2003 97 2043 non
116 1981 236 2063 potuit,
259 1982 376 2053 amarit,
404 1973 506 2057 (quod
541 1973 587 2033 sie
627 1975 747 2058 posuit.
1123 1982 1128 1989 ’

39 2063 176 2145 exponit)
193 2080 305 2121 vaccas
331 2059 452 2141 pavisse
480 2057 588 2116 fertur
669 2057 739 2122 155·
768 2063 809 2122 Et
847 2072 918 2135 oles,
938 2073 967 2122 et
987 2061 1090 2120 merui·
1110 2055 1185 2119 Vld·

41 2147 192 2206 Pher-aeas
228 2148 287 2216 [se.
309 2138 461 2214 Admeti,
499 2138 588 2197 euius
630 2136 669 2198 ad
693 2137 794 2218 Epist.
817 2085 885 2213 llll,
906 2141 956 2205 33.

40 2248 143 2288 amore
167 2233 278 2305 captus
302 2219 511 2295 esset),etab
533 2240 590 2279 eo·-
672 2220 740 2286 156.
761 2225 830 2285 Non
852 2247 903 2304 ego
923 2236 975 2285 010,
1019 2222 1089 2282 Non
1125 2224 1185 2302 ego

39 2306 108 2372 dem
130 2309 215 2392 igne,
237 2326 302 2388 qun
326 2303 423 2364 etiam
445 2321 500 2362 nos
529 2299 589 2370 lla-
632 2321 740 2361 caussa
780 2301 839 2362 tibi
875 2302 951 2363 belli
990 2311 1023 2363 et
1056 2299 1187 2385 quidem

37 2388 306 2474 gramus,saucius
323 2386 395 2445 suit„
417 2382 588 2443 Olimmihi
632 2383 865 2460 luctuosissimi,
880 2382 967 2466 quod
985 2394 1110 2465 raptam
1123 2383 1188 2442 He-

38 2473 125 2533 valde
146 2469 299 2553 placebat
331 2466 394 2526 loci
425 2466 590 2546 interpre-
631 2467 738 2524 lenam
759 2474 922 2547 sequetur.
943 2467 994 2527 Sic
1018 2467 1104 2526 Dido
1125 2467 1189 2526 ne-

37 2556 123 2627 tatio,
145 2574 242 2634 quam
262 2555 396 2631 praeter
422 2548 484 2605 iam
511 2566 590 2627 pro·
631 2545 717 2606 neid.
740 2546 792 2621 lV,
810 2546 881 2613 425.

35 2638 170 2719 potitam
191 2633 288 2693 ellam
310 2628 418 2692 allum
437 2629 589 2707 1¹ss¹¹¹¹¹³ll=
670 2645 734 2700 Non
755 2662 805 2715 ego
826 2665 887 2700 cum
908 2647 1010 2710 Danais
1037 2648 1186 2700 Troianam

35 2719 149 2800 Apollo
177 2723 211 2775 el
236 2711 365 2772 Admeti
392 2729 501 2769 amore
532 2706 590 2769 ssa-
861 2724 1019 2777 exscindere
1039 2733 1148 2793 gentem
1222 2715 1224 2722 ¹

36 2800 137 2882 gravit
159 2804 194 2857 et
215 2802 342 2861 nostem
365 2798 401 2851 ut
417 2796 590 2873 agamnestro
669 2798 770 2852 aalide
789 2800 888 2858 iuravi.

37 2891 70 2941 ut
90 2897 187 2962 saepe
211 2883 294 2938 esset
313 2893 374 2956 pro
398 2876 465 2955 igne
488 2879 591 2947 nostri,
767 2937 770 2942 ,
1042 2875 1143 2939 Anat
