2709 4675
178 250 319 314 xxm
542 249 975 353 Puoopumutt.

181 376 277 451 illud
305 393 373 467 est,
406 383 628 474 sentientem
665 393 703 455 et
728 407 816 457 cum
840 379 991 454 absente
1032 377 1118 494 (hoc
1152 376 1255 450 enim
1290 403 1315 450 a

181 527 316 601 genere
342 499 545 577 dramatico
562 502 860 604 distinguuntur)
884 502 1102 601 loquentem
1123 512 1317 600 agentem-

120 669 122 674 ·
182 649 256 724 que
284 621 439 696 inducit.
464 623 669 698 Sedebam
693 650 793 697 caex
817 636 921 725 parte
947 621 996 696 ad
1021 621 1318 722 similitudinem

181 748 327 845 generis
351 748 460 820 activi
481 773 594 849 saepe
620 745 821 833 accedunt,
848 757 892 817 ut
912 770 989 816 non
999 746 1106 816 intra
1119 742 1318 817 molliores

181 895 224 942 ac
256 883 401 941 teneres
433 869 623 969 elegorum
655 867 827 969 querelas
865 865 1184 967 epistolarumque
1223 868 1320 941 sim-

179 992 383 1093 plicitatem
408 992 623 1077 consistant,
650 989 717 1065 sed
742 991 885 1090 saepius
910 987 1103 1089 paullatim
1125 991 1319 1065 concitate

181 1113 230 1188 ad
255 1139 439 1187 summam
467 1114 545 1192 vim
575 1127 688 1214 atque
726 1112 913 1186 fervorem
953 1110 1155 1184 allectuum
1189 1125 1227 1185 ct
1264 1115 1318 1188 ad

180 1261 324 1326 sensus,
342 1261 436 1338 quos
454 1239 647 1309 immixtos
663 1233 860 1335 appellant,
875 1231 1120 1333 abripiuntur,
1138 1261 1182 1308 ac
1194 1237 1317 1310 simul

180 1361 291 1450 etiam
329 1359 495 1433 oratione
534 1351 681 1431 concisa
721 1370 833 1456 atque
867 1354 1075 1428 incitatiore
1115 1354 1314 1450 serantur,

179 1483 304 1584 itaque
339 1481 454 1580 magis
486 1473 647 1553 sormam
685 1491 943 1567 aenatorum,
983 1480 1049 1579 qui
1090 1480 1129 1551 in
1169 1479 1315 1556 fabulis

180 1629 302 1677 sermo
334 1601 528 1701 singularis
561 1617 737 1696 (μονοιόγος)
722 1598 931 1686 ιᾰίοἱιιιι,
972 1602 1165 1702 accipiant.
1217 1605 1313 1680 vid

180 1708 454 1821 Esckenburg,
494 1720 685 1821 Entrrurf
708 1724 815 1793 einer
843 1720 1004 1794 Theorie
1036 1723 1105 1795 der
1140 1723 1315 1799 ιοῘιὸιιειι

180 1845 342 1931 Kainste,
376 1844 484 1916 Tom.
512 1842 575 1916 lv.
601 1869 636 1942 p.
664 1843 770 1934 :trid-3
801 1844 961 1931 Manto,
1003 1844 1228 1942 Nachtriz'ge
1262 1875 1314 1921 zu

181 1963 349 2038 Suluer's
376 1962 565 2056 Theorie‚·
594 1964 634 2038 0.
660 1965 705 2036 F.
733 1964 892 2053 Becher,
922 1966 1048 2040 Orid's
1071 1965 1205 2040 zelante
1230 1969 1314 2043 He-

181 2085 288 2157 roide
311 2088 378 2158 mit
403 2086 554 2158 Eioleit.
582 2087 664 2159 und
688 2087 1000 2185 Anoterlrungen.

559 2275 935 2381 corurlt

252 2478 396 2551 Auctor
431 2490 542 2581 atquc
582 2478 756 2553 inventor
786 2481 1019 2569 Heroidum,
1064 2450 1193 2585 quales
1238 2485 1311 2560 hae

181 2599 385 2674 Ovidianac
416 2613 519 2688 sunt,
553 2615 607 2673 est
632 2599 810 2689 Ovidium
844 2600 885 2675 id
910 2602 1015 2703 quod
1048 2605 1124 2705 ipse
1149 2620 1314 2683 testatur

181 2732 218 2790 et
239 2718 385 2793 disertis
409 2719 533 2817 verbis
564 2721 610 2795 de
625 2748 663 2795 sc
688 2721 896 2825 profitetur,
915 2726 994 2797 Art.
1011 2728 1130 2799 Amat.
1147 2728 1213 2819 ΙΙΙ,
1223 2732 1311 2823 345.
1328 2780 1344 2852 ‘.

285 2839 345 2901 Vel
367 2842 426 2901 tibi
458 2843 633 2925 composite
656 2852 807 2906 cantetur
826 2851 960 2931 Epistola
980 2869 1080 2910 voce:

341 2940 480 3019 Ignotum
501 2943 560 3002 hoo
577 2938 644 3003 aliis
663 2942 715 3004 illo
734 2947 845 3005 novarit
865 2965 936 3024 opus
955 2976 996 2988 -

181 3068 300 3141 eaque
326 3040 405 3114 fere
432 3043 642 3116 communis
654 3045 824 3118 virorum
837 3046 1075 3121 eruditorum
1094 3062 1147 3122 est
1166 3051 1310 3150 opinio.
1341 3019 1343 3037 i

132 3187 136 3197 ·
179 3162 351 3234 Fuerunt
383 3176 506 3251 tamen
540 3166 817 3240 recentioribus
853 3172 1012 3242 maxime
1045 3173 1309 3272 temporibus,

118 3271 122 3283 ¹
180 3281 246 3379 qui
272 3279 369 3354 buno
395 3284 617 3359 inventionis
642 3286 794 3362 laudem
814 3293 1007 3391 Propertio
1033 3291 1163 3367 deberi
1190 3308 1309 3399 atque

78 3450 83 3459 ·
181 3399 362 3475 Ovidium
388 3406 427 3476 in
443 3404 513 3478 boc
525 3433 659 3507 genere
674 3411 898 3511 exemplaria
911 3416 1094 3515 Propertii
1117 3417 1307 3494 imitatum

181 3546 257 3593 esse
273 3524 565 3600 contenderent:
592 3529 692 3603 aliie
714 3531 881 3607 fontibus
897 3535 988 3610 baec
1006 3540 1171 3611 carmina
1190 3539 1309 3618 ducta

182 3641 336 3717 Graecis
359 3660 552 3746 putarunt.
577 3651 638 3725 Ad
663 3652 765 3727 illam
790 3659 1019 3747 sententiam,
1059 3659 1278 3735 Ovidium
1269 3692 1309 3737 ιιι

180 3763 236 3837 bis
262 3766 405 3873 Graeca
429 3770 598 3872 exempla
622 3788 793 3849 secutum
818 3803 912 3867 esse,
952 3806 1041 3854 oum
1068 3782 1150 3856 eliis
1183 3812 1310 3887 nuper

181 3864 373 3963 inclinarit
398 3894 437 3965 F.
465 3895 559 3968 Xav.
574 3895 761 3969 Werfer
753 3926 791 3970 ιιι
815 3898 959 3990 libello,
986 3928 1052 4002 qur
1042 3903 1308 3979 inscribitur:

181 4014 437 4087 Lectionum
430 4044 467 4091 ιιι
493 4020 531 4090 Ρ.
559 4017 687 4091 Ovidii
713 4016 865 4093 Nasonis
890 4022 1069 4097 Heroides
1095 4028 1316 4139 Specimen,

179 4133 218 4205 in
255 4135 351 4207 ocu.
379 4139 533 4212 Monac.
566 4141 672 4213 Tom
700 4140 729 4214 1.
756 4143 859 4215 Fasc.
892 4143 954 4218 lv.
946 4198 974 4235 .,
1012 4161 1229 4247 permotus,
1266 4170 1310 4227 ut

178 4253 339 4349 videtur,
365 4258 516 4349 scholio,
546 4261 650 4362 quod
676 4278 731 4338 est
756 4264 794 4336 in
812 4264 998 4366 principio
1013 4267 1162 4369 abipso
1181 4272 1307 4346 collati
