2709 4675
1164 273 1192 334 V
1278 233 1280 238 .

71 462 255 553 carmina
276 463 388 555 haec
406 498 550 588 quam
575 464 781 572 maxime
804 463 980 555 similia
1003 465 1076 556 sui
1095 449 1198 556 red-¹

68 603 215 717 derem,
242 604 292 695 h.
311 640 363 719 e.,
385 605 543 729 qualia
567 638 621 697 ex
640 627 801 731 poetae
821 638 968 696 manu
994 607 1189 730 prodiis-

64 766 159 835 sent
208 747 268 836 ln
308 779 405 870 quo
435 780 634 838 munere
661 748 759 837 duo
784 780 964 874 semper
992 747 1192 848 obtutu·
1306 769 1310 776 “

65 880 119 974 los
148 884 295 980 habui
342 888 600 1015 praecepta,
638 919 847 1010 quorum
898 921 1055 978 unum
1101 912 1189 1013 est,
1252 949 1254 958 κ

61 1055 282 1118 summam
305 1028 565 1152 ubique,
516 1027 607 1121 nisi
632 1063 675 1119 s1
660 1029 816 1120 sorte
839 1028 1096 1120 sententiae
1123 1063 1189 1121 ra-

62 1166 163 1257 tioni
197 1192 284 1260 aut
311 1192 435 1262 recto
472 1170 701 1293 loquendi
734 1172 876 1261 modo
908 1202 1095 1295 prorsus
1125 1204 1189 1260 re-
1308 1163 1311 1168 ¹

60 1332 282 1433 pugnaret,
301 1309 608 1402 tribuendam
628 1344 718 1403 esse
734 1334 1057 1402 auctoritatem
1083 1311 1189 1404 scri·
1299 1373 1300 1378 κ

59 1469 203 1568 pturae
227 1451 448 1544 codicum
476 1485 626 1544 manu
649 1475 939 1548 exaratorum
957 1469 1003 1544 e‘t
1025 1443 1188 1548 earum

59 1588 330 1703 editionum,
365 1626 485 1715 quae
527 1591 740 1716 aliquam
779 1595 996 1685 codicum
1044 1590 1187 1685 fidem

58 1725 205 1821 habere
242 1734 547 1844 viderentur,
576 1733 793 1848 alterum,
837 1736 910 1824 sui
947 1759 1186 1857 quemque

57 1868 311 1995 scriptorem
337 1861 694 2000 optimum'esse
723 1880 1040 2000 interpretem,
1060 1874 1105 1963 h.
1132 1910 1183 1987 e,

56 2007 160 2102 siud
188 2012 328 2106 hanc,
346 2050 446 2107 rem
483 2017 694 2126 criticam
720 2015 976 2125 transferas,
1005 2015 1186 2138 ubique

57 2153 376 2248 studiosissime
415 2158 698 2249 intuendam
732 2191 821 2249 esse
858 2179 1019 2283 poetae
1052 2180 1187 2248 natu·

58 2322 139 2384 ram
171 2319 315 2456 atque
353 2297 564 2391 indolem
611 2300 938 2439 rationemque
981 2298 1184 2390 dicendi.

56 2432 110 2522 dc
136 2439 364 2563 posterius
393 2439 514 2532 illud
537 2440 691 2531 nescio
711 2473 772 2531 an
799 2442 857 2530 ad
884 2438 1068 2531 nullius
1090 2462 1186 2541 stu·

57 2572 176 2669 dium
194 2601 338 2702 atquc
361 2581 687 2672 tractationem
716 2594 875 2705 poetae
902 2580 1060 2671 Latini
1089 2613 1183 2671 ma·
1264 2690 1267 2699 .

57 2712 110 2835 gis
57 2719 356 2842 gpertinere
374 2722 541 2834 dicam,
562 2754 709 2843 quam
729 2723 786 2811 ad
799 2721 1043 2812 Ovidium
1062 2721 1181 2813 Nam

58 2856 123 2945 esi
152 2860 287 2950 nulla
316 2859 464 2952 ullius
490 2862 727 2987 scriptoris
754 2885 962 2957 accurata
991 2884 1036 2951 et
1064 2895 1184 2983 quae

57 3024 123 3113 per
143 3031 305 3091 omnes
324 3024 474 3127 partes
491 3002 723 3128 pertineat
751 3002 1017 3092 emendatio
1042 3026 1182 3124 atque

59 3143 370 3265 interpretatio
391 3143 482 3234 nisi
521 3144 829 3234 intimarum
864 3143 963 3233 eius
992 3142 1181 3269 iugenio

57 3278 287 3373 ac'racione
301 3307 534 3375 contracta
552 3282 881 3395 familiaritate,
898 3284 1084 3409 cogitari
1102 3317 1180 3408 po

58 3433 147 3525 tt‘st3
175 3446 332 3517 tamen
363 3425 410 3516 ‘si
443 3425 552 3548 quis
581 3424 684 3514 sine
715 3422 793 3513 illa
823 3424 1046 3515 interiore
1074 3434 1180 3514 eon·

56 3565 295 3656 suetudine
315 3567 373 3657 ad
408 3565 569 3658 Ouidii
608 3566 842 3655 carmina
858 3566 1179 3692 pertractanda

55 3694 274 3819 accederet,
300 3709 504 3859 prolecto
528 3707 733 3799 maxime
755 3706 978 3797 omnium
1012 3707 1179 3796 frustra

56 3832 333 3940 elaboraret
304 3882 370 3943 ac
400 3872 586 3973 tempus
610 3874 895 4007 operamque
927 3841 1179 3971 profunde·

99 4006 123 4065 t.
151 3984 315 4076 Nullo·
347 3989 476 4081 enim
497 4010 564 4079 est
583 4011 793 4113 scriptor,
814 4014 897 4108 qut
926 3986 1178 4082 letiterad·

58 4136 244 4251 sulcati
280 4140 339 4228 ad
380 4130 745 4257 intelligendum
783 4129 1178 4247 tractandumque

58 4271 243 4370 uideatur
259 4311 349 4381 esse
368 4274 549 4367 facilior
564 4298 704 4391 atquo
725 4267 930 4359 habilior
939 4305 950 4373 ;
970 4269 1173 4357 cundem
