2709 4675
158 158 259 227 lxvi
471 113 953 260 xrnoosuiuu.

232 296 333 372 lllud
371 298 549 400 denique,
591 298 697 399 quod
722 298 905 373 Ovidium
939 302 1086 375 virili
1122 315 1304 374 aetate·

157 425 273 519 magis
305 420 500 496 rhetorum
534 422 731 523 pigmentis
757 437 869 523 atque
895 422 1058 498 artificiis
1085 423 1292 498 indulsisse

43 532 51 568 ³
109 591 112 596 -
160 539 313 630 iudicat,
327 569 393 645 ego
419 545 575 616 minime
598 543 731 645 probo,
757 569 977 646 vereorque,
1003 569 1051 618 ne
1076 546 1135 618 vir
1157 543 1295 617 erudi-

158 678 218 737 tus
241 678 370 739 tutare
387 691 512 738 errare
526 665 710 739 videatur.
725 668 847 740 lmmo
866 666 998 741 falsam
1012 693 1092 741 eam
1107 692 1185 740 esse
1205 692 1298 739 sen·

158 787 323 876 tentiam,
350 803 388 860 et
411 789 562 882 ratione·
579 786 659 860 fere
673 787 850 894 concludi
868 804 1000 890 potest,
1028 805 1065 864 et
1078 815 1169 864 vero
1186 791 1295 891 ipsis,

159 931 255 1006 quae
287 908 387 980 virili
423 922 538 981 aetate
571 923 702 983 noster
732 910 910 1000 confecit,
948 912 1177 986 carminibus
1200 913 1299 985 satis

86 1017 97 1024 ’
159 1029 379 1133 ostenditur.
394 1031 488 1104 Nam
505 1034 534 1104 si
545 1032 731 1106 Nasonem
741 1034 814 1106 iam
833 1034 959 1107 virum
972 1011 1167 1108 rlietorum
1179 1059 1300 1133 prae·

158 1154 271 1254 stigiis
297 1155 421 1254 magis,
448 1180 562 1254 quam
582 1169 701 1244 antea,
728 1154 955 1229 delectatum
976 1182 1053 1230 esse
1065 1169 1295 1245 statuemus,

156 1274 421 1374 accipiendum
436 1278 518 1361 erit,
543 1276 645 1350 hunc
670 1291 820 1378 poetam
844 1304 923 1352 non
948 1280 997 1353 ad
1016 1278 1175 1353 modum
1193 1279 1296 1353 alio-

75 1475 77 1480 ,
157 1425 243 1476 rum
270 1385 466 1500 poetarum
490 1413 528 1471 et
553 1415 709 1472 naturae
736 1413 904 1474 tenorem
919 1401 1146 1501 procedente
1163 1416 1295 1477 aetate

106 1553 120 1592 ς
156 1524 440 1623 maturioreque
486 1519 627 1594 iudicio
660 1533 698 1594 et
727 1536 811 1623 post
840 1523 1006 1598 multum
1039 1551 1150 1599 usum
1191 1528 1296 1602 vitia

158 1646 362 1718 iuventutis
402 1646 519 1745 magis
545 1644 737 1745 magisque
755 1641 931 1745 posuisse
958 1643 1069 1719 etad
1096 1645 1301 1745 perfectae

157 1780 271 1867 atque
298 1766 489 1840 absolutae
515 1767 604 1870 artis
621 1768 786 1866 speciem
804 1768 959 1868 propius
973 1768 1178 1857 accessisse,
1206 1784 1296 1860 aut,

156 1888 262 1990 quod
287 1889 485 1991 permultis
511 1886 689 1961 accidisse
714 1886 897 1976 videmus,
924 1914 994 1988 per
1018 1900 1135 1964 totam
1169 1888 1302 1963 vitam

159 2013 200 2083 in
227 2010 404 2084 laudibus
430 2036 473 2084 ac
498 2011 598 2081 vitiis
621 2009 691 2082 sibi
727 2009 886 2082 similem
916 2012 1111 2103 mansisse,
1145 2008 1212 2083 sed
1253 2013 1301 2085 in

130 2199 134 2206 .
161 2133 332 2230 deterius
353 2133 468 2232 magis
492 2129 710 2233 prolapsum
735 2144 772 2202 et
802 2158 936 2205 asera
970 2132 1151 2232 elegantia
1174 2131 1301 2234 dege-

154 2277 315 2326 necasse.
341 2251 617 2353 Accipiendum
643 2277 757 2349 porro
787 2254 869 2342 erit,
901 2278 999 2344 eum,
1028 2279 1105 2355 quo
1137 2253 1303 2355 longius

80 2452 86 2471 Ι
154 2376 202 2447 ab
227 2375 364 2450 scholis
390 2376 740 2474 rhetorumiisque
776 2376 1019 2476 temporibus,
1057 2375 1198 2478 quibus
1235 2375 1303 2452 his

25 2528 31 2535 ·
154 2486 450 2597 rebus'operam
476 2504 639 2587 navaret,
665 2497 820 2584 abesset,
847 2495 1300 2599 hocmagisilliusscho·

153 2619 215 2701 lae¹
236 2620 443 2721 pigmentis,
460 2646 556 2720 quae
579 2622 669 2693 artis
690 2620 915 2720 simplicitati
932 2634 1046 2721 atque
1063 2617 1301 2720 perfectioni

154 2739 249 2814 adeo
275 2741 463 2813 contraria
487 2756 585 2832 sunt,
612 2756 726 2843 atque
751 2742 839 2816 fuco
862 2755 1013 2843 captum
1032 2741 1199 2816 carmina
1221 2767 1303 2817 sua

153 2864 354 2956 imbuisse3
382 2890 459 2965 quo
485 2863 578 2937 nihil
604 2889 683 2939 esse
708 2880 840 2966 potest,
857 2864 962 2966 quod
987 2866 1102 2966 magis
1128 2876 1303 2941 naturae

152 2990 274 3061 tenori
301 2988 627 3089 experientiacque
650 2980 845 3089 repugnet.
892 2986 1039 3082 Quodsi
1072 3012 1161 3060 vero
1199 2992 1301 3088 quis

152 3096 225 3182 illis
251 3100 473 3182 sententiam
498 3108 594 3203 lianc
629 3106 811 3181 infirmari
843 3123 961 3209 neget,
1000 3107 1097 3182 nihil
1137 3105 1303 3185 obstare

152 3243 300 3330 putans,
328 3232 530 3332 quominus
553 3229 685 3323 Ovidii
725 3232 929 3332 ingenium,
967 3245 1009 3303 ut
1048 3232 1087 3303 in
1127 3230 1304 3334 reliquis

152 3368 228 3426 tam
253 3352 452 3453 proprium
474 3340 730 3452 ac'siugulare
755 3356 812 3442 sit,
840 3356 887 3425 ita
915 3355 952 3424 in
979 3377 1204 3453 aequoque
1244 3358 1303 3431 ab

156 3489 312 3547 naturae
339 3489 451 3577 atque
479 3475 729 3574 experientiae
763 3477 868 3575 quasi
908 3475 1041 3576 regula,
1073 3473 1302 3569 declinarit,

150 3599 260 3700 plane
286 3624 369 3671 eam
395 3609 605 3697 coarguunt
630 3609 742 3697 atque
768 3596 957 3686 refellunt,
980 3623 1076 3698 quae
1096 3593 1156 3668 liic
1175 3615 1304 3697 poeta

150 3721 190 3792 iu
233 3720 359 3819 rigore
391 3719 518 3790 aetatis
549 3718 668 3791 virilis
706 3721 854 3820 scripsit
893 3722 1068 3809 carmina,
1104 3721 1301 3797 Remedia

135 3845 310 3931 -Amoris,
336 3842 543 3914 maximum
578 3865 672 3941 opus
706 3839 1069 3942 Metamorphoseon,
1104 3845 1300 3945 itemque,

149 3969 245 4065 quos
271 3965 308 4036 in
326 3961 455 4036 exsilio
474 3960 632 4062 quidem
657 3961 788 4052 edidit,
804 3964 843 4035 in
869 3961 1001 4036 eadem
1019 3971 1143 4035 tamen
1163 3978 1300 4041 aetate

149 4070 362 4188 compesuit
403 4083 531 4179 (Trist
571 4084 618 4173 ll,
660 4086 778 4183 551.)‚
808 4085 893 4159 libri
922 4087 1141 4160 Fastorum:
1183 4111 1299 4188 quae

149 4205 305 4307 quidem
318 4208 485 4281 carmina
505 4206 631 4279 omnia
646 4233 771 4308 neque
787 4207 965 4309 elegantia
981 4233 1111 4310 neque
1122 4213 1298 4291 omnino
