2709 4675
1134 239 1192 301 Vtt

53 427 314 517 sitientum
332 456 592 517 numerum
609 424 829 516 codicum
842 422 1003 516 Ovidii
1025 427 1075 516 in
1096 461 1191 518 ma-

55 567 178 659 nibus
205 567 442 678 habuerit,
463 589 520 656 ut
553 567 629 657 vix
653 566 909 688 quisquam
933 568 990 656 ad
1029 566 1188 661 ullum

52 709 311 836 scriptorem
339 708 641 799 tractandum
665 706 753 797 hac
771 707 966 829 quidem
989 741 1042 797 ex
1061 733 1192 833 parte

54 851 315 941 instructior
327 871 472 972 atque
491 848 697 973 paratior
712 880 930 970 unquam
945 852 1189 964 accesserit,

52 1014 161 1101 „tam
183 990 488 1118 negligenter,
519 1011 575 1079 ut
599 988 777 1080 lahnus
804 1022 855 1079 ea
888 993 944 1081 tle
972 1023 1193 1083 reserere

51 1133 249 1252 quidem,
269 1133 349 1224 sed
373 1154 533 1223 tamen
563 1163 667 1221 vere
693 1130 930 1243 iudicarit
954 1131 1103 1224 varias
1129 1131 1190 1222 le-

51 1271 211 1364 ctiones
230 1273 429 1382 notavit,
450 1295 506 1364 ut
526 1303 586 1361 ne
603 1272 903 1397 optimorum
925 1273 1124 1394 quidem
1144 1297 1191 1365 et

49 1414 485 1537 antiquissimorum
517 1413 736 1503 codicum
776 1413 1043 1506 varietatem
1075 1417 1216 1539 inte·-

48 1586 162 1677 gram
197 1556 468 1648 habeamus.
520 1551 678 1644 Multo
713 1551 1027 1679 negligentius
1046 1556 1191 1650 etiam

48 1719 241 1788 versatus
267 1719 335 1788 est
359 1696 413 1787 in
436 1695 494 1785 iis
515 1692 650 1785 libris
674 1695 1046 1821 manuscriptis,
1071 1715 1199 1819 quos*

49 1836 241 1930 minoris
262 1835 523 1963 pretii'esse
550 1835 866 1926 existimabat?
889 1835 1109 1961 Optimos
1136 1838 1189 1929 li-

50 1977 142 2068 bros
176 1979 308 2070 haud
344 2010 446 2068 raro
482 1993 564 2102 per
597 1975 753 2101 plures
781 1977 969 2103 paginas
999 1977 1188 2070 silentio

48 2119 373 2241 praetermisit;
398 2116 514 2209 alios
534 2118 593 2207 in‘
612 2139 712 2209 toto
741 2113 953 2242 poemate
970 2153 1189 2245 saepenu-

49 2292 165 2353 mero
196 2261 278 2351 vix
310 2283 379 2352 ter
407 2281 625 2382 quaterve
655 2256 1053 2356 commemOravit.
1097 2261 1189 2354 Nee

47 2401 192 2495 solum
200 2401 589 2511 variasleetiones,
600 2402 676 2491 sed
694 2401 835 2491 etiam
851 2402 1191 2530 nominasaepe

49 2545 259 2634 codicum
278 2542 477 2641 ¹reticuit
497 2574 667 2664 eosque
691 2540 858 2632 multis
885 2544 936 2632 in
965 2542 1077 2635 loeis
1097 2578 1190 2636 nu·

49 2715 166 2776 mero
195 2706 391 2776 tantum
413 2682 633 2773 laudarit.
670 2680 781 2796 Quo
812 2683 1096 2799 factumest,
1135 2711 1191 2776 ut

48 2821 222 2917 Heinsii
259 2824 435 2916 codices
469 2857 599 2949 saepe
640 2825 880 2915 numerari
921 2858 973 2913 ae
1008 2828 1189 2951 saepius

48 2966 178 3058 etiam
198 2966 450 3092 ponderari
475 2996 575 3055 non
600 2965 782 3091 possint
804 2979 1011 3053 —-'—-.
1054 2966 1188 3081 Quae

48 3131 197 3200 autem
208 3105 741 3217 deHeinsiodietasunt,
757 3139 808 3195 ea
823 3107 984 3196 omnia
1008 3108 1058 3198 in
1079 3109 1191 3199 Bur-

48 3278 280 3341 mannum
309 3280 502 3372 quoque
533 3249 724 3359 eadunt,
753 3246 932 3373 quippe
968 3249 1053 3370 qui
1084 3283 1186 3341 raro

48 3409 232 3481 tantum
269 3389 414 3479 varias
452 3387 672 3479 lectiones
707 3421 759 3478 ex
789 3387 972 3479 Heinsii
1009 3390 1189 3482 schedis

46 3529 285 3656 supplevit,
300 3562 386 3619 nec
407 3562 510 3621 suas
526 3529 759 3640 codicum,
787 3528 1190 3622 Franeofurtensis

47 3691 87 3758 et
105 3672 316 3763 duorum
343 3672 548 3761 triumve
576 3668 795 3780 aliorum,
825 3667 1094 3763 collationes
1122 3673 1191 3764 di·

48 3803 264 3935 ligentius
283 3811 507 3933 notaritffl
524 3811 708 3927 Praeter
724 3810 1002 3903 Heinsiauas
1022 3837 1068 3905 et
1077 3813 1190 3905 Bur·

49 3953 325 4045 mannianas
347 3952 499 4078 oopias
525 3951 840 4044 adhibuimus
862 3973 1004 4075 atque
1032 3954 1084 4044 in
1103 3954 1191 4047 hae

48 4090 251 4185 editione
278 4093 553 4219 repetiimus
572 4094 719 4183 varias
742 4090 975 4207 lectiones,
997 4127 1111 4216 quas
1132 4098 1191 4188 ab

48 4228 146 4325 aliis
164 4234 483 4360 grammaticis
497 4235 636 4324 variis
659 4235 709 4361 iu
737 4233 847 4324 loeis
866 4256 1007 4357 atque
1022 4234 1194 4329 libellis
