2709 4675
405 226 569 303 Palus
599 227 890 303 HELENAE.
1142 230 1214 305 sot

33 469 38 476 .
74 374 150 449 Nec
173 387 320 448 tantum
346 401 475 475 regum
502 388 608 448 natae
634 376 774 475 petiere
802 374 1033 475 ducumque,
1170 383 1245 454 95‘

120 484 195 560 Sed
219 483 401 585 Nymphis
427 487 537 557 etiam
561 510 730 586 curaque
757 510 937 585 amorque
962 485 1030 557 sui.

73 596 124 671 At
146 592 237 667 mihi
265 584 488 672 cunctarum
514 594 677 667 subeunt
701 593 859 694 fastidia,
884 589 1083 696 postquam

121 704 291 804 Coniugii
317 729 399 805 spes
424 716 488 792 est,
514 703 696 804 Tyndari,
721 701 817 777 lacta
842 706 909 777 tui.
948 783 950 787 .

71 901 127 962 hic
148 918 255 962 versus
280 896 322 958 ita
349 896 503 958 cohaeret
532 917 628 981 prae·
664 919 798 958 mannus
834 889 1009 960 restituisse
1041 901 1218 961 censendus

71 980 274 1062 cedentibus,
295 988 331 1039 ut
351 985 524 1061 appareat,
546 979 626 1040 haec
664 980 716 1054 sit,
737 979 799 1040 lroc
821 979 917 1040 modo
940 981 1117 1065 corrigens:
1138 990 1219 1065 Quas

71 1061 230 1123 ovidiana
246 1071 309 1120 non
324 1082 400 1121 esse.
414 1060 627 1143 MrcmAEgo
663 1086 750 1145 super
787 1067 908 1126 Oenone
939 1068 1026 1142 facie
1058 1080 1218 1128 memorato

70 1146 220 1206 lacunam
243 1143 361 1202 nullam
382 1141 486 1203 video.
516 1142 628 1234 Capita
661 1145 1088 1227 perorbcm,velsupereminet
1105 1171 1216 1228 omnes,

70 1233 198 1287 mutum
219 1225 267 1285 rei
291 1232 422 1306 tangere
449 1233 547 1305 poeta
569 1244 627 1283 vo-
667 1231 723 1283 aut
745 1233 854 1283 nostra
876 1223 956 1284 haec
978 1226 1037 1285 iam
1068 1225 1218 1286 exhibere

71 1306 145 1369 luit.
165 1310 278 1370 Petiere
292 1306 352 1365 Fr.
372 1303 461 1365 Paul.
666 1312 802 1386 putetur
830 1307 1031 1365 coniectura:
1061 1314 1142 1389 Quas
1169 1332 1222 1371 su-

114 1383 164 1453 94
195 1391 368 1451 Multarum.
405 1387 497 1446 Conl.
527 1384 629 1466 Epist.
663 1410 718 1468 per
747 1391 882 1450 Oenone.-
905 1392 991 1467 faeie
1019 1391 1086 1466 (vel
1106 1379 1222 1468 jectael

76 1467 151 1542 XV,
171 1470 222 1534 20.
663 1490 718 1530 nec
731 1472 797 1530 totis
810 1472 842 1531 in
861 1475 940 1542 orbe,
950 1474 1013 1533 Nec
1021 1473 1142 1533 Priamo
1149 1485 1215 1544 cte,

113 1548 164 1614 96.
185 1554 245 1613 Sed
264 1553 412 1634 Nymphis
432 1552 528 1613 etiam.
549 1545 628 1606 Nam
668 1568 728 1628 ego
761 1569 885 1608 uersum
922 1569 994 1609 eum
1031 1571 1092 1632 pro
1131 1554 1222 1610 foetu

72 1630 116 1690 ab
148 1627 285 1690 Oenone
315 1640 436 1689 amatus
469 1636 526 1703 est,
553 1625 630 1687 darm
668 1627 774 1711 potius
803 1628 938 1689 habeam
968 1630 1100 1707 librarii,
1128 1654 1222 1714 quam

71 1712 162 1772 inter
205 1706 326 1788 astures
348 1709 452 1771 adhuc
488 1708 631 1791 degeret.
669 1709 787 1768 Ovidii.
809 1710 873 1770 Sed
896 1712 964 1771 lieri
986 1719 1103 1793 potest,
1125 1721 1161 1773 ut
1188 1714 1219 1772 in

69 1789 147 1854 Vid.
180 1732 282 1875 {pist
316 1792 354 1852 V.
390 1790 483 1852 Facit
522 1798 630 1850 autem
668 1789 787 1851 mendo
818 1791 877 1851 isto
906 1794 1003 1852 etiam
1032 1793 1105 1868 alia,
1133 1794 1216 1852 sicut

97 1893 251 1933 rocoa-um
273 1894 375 1950 more,
397 1874 451 1954 qni
473 1870 628 1931 dumam-
669 1871 857 1952 elegantior,
890 1872 933 1933 ita
959 1883 1056 1954 poeta
1095 1872 1223 1956 dignior

68 1895 171 2027 Einnt
190 1954 322 2038 puellas,
337 1953 443 2013 omnia
462 1975 515 2014 sua
536 1974 633 2034 prae·
670 1952 766 2013 lectio
789 1951 963 2013 delitescat.
989 1955 1118 2015 Interim
1142 1954 1220 2015 milri

71 2036 186 2096 (licant
227 2044 261 2096 et
300 2035 466 2095 extollunt.
500 2035 544 2093 lta
578 2033 631 2093 hic
670 2033 800 2115 quidem
826 2034 891 2115 ipsa
913 2033 993 2095 haec
1014 2035 1131 2097 diserta
1155 2037 1221 2096 Oe·
1318 2035 1321 2047 '

72 2136 206 2200 quoque
223 2117 394 2198 pluraliter
416 2131 501 2180 natos
520 2121 631 2180 dueum
670 2136 770 2175 nones
793 2118 914 2174 mentio
937 2125 1009 2197 post
1031 2128 1221 2177 memoratas

73 2214 105 2264 et
126 2221 227 2281 regum
248 2213 276 2263 et
295 2204 450 2285 Nymphas
478 2198 632 2269 nominat,
670 2219 698 2255 v·
720 2197 768 2262 96·
782 2202 948 2283 nymphas,
958 2206 1112 2278 sequente
1125 2200 1221 2258 ctiam

75 2287 95 2341 u'
119 2279 235 2361 quibus
257 2281 414 2362 expetitus
436 2278 544 2354 fuerit,
559 2299 632 2337 cum
668 2301 698 2339 v.
718 2277 768 2343 97.
787 2294 962 2344 cunctarum
982 2281 1157 2355 mentione,
1169 2302 1222 2339 su-

75 2362 156 2422 alias
178 2359 218 2422 de
239 2362 305 2422 sola
337 2360 472 2421 Oenone
496 2382 513 2419 e
535 2361 633 2443 Nym·
670 2369 816 2442 spectum
845 2360 885 2420 de
914 2362 1037 2421 librarii
1073 2362 1220 2443 interpo-

71 2442 160 2524 phis,
189 2450 223 2502 et
252 2443 292 2503 de
320 2444 461 2519 llrisba,¹
490 2441 631 2522 Meropis
670 2442 790 2502 latione
827 2442 931 2502 locum
956 2443 1051 2514 l'acit3
1080 2451 1117 2502 ut
1144 2460 1220 2503 sane

72 2523 153 2598 lilia,
172 2518 297 2598 Lesbia,
318 2522 357 2583 de
372 2546 432 2606 qua
451 2521 631 2602 Stephanus
670 2523 766 2583 etiarn
789 2522 819 2583 in
842 2524 909 2582 aliis
931 2523 1024 2583 liuius
1057 2523 1220 2606 Epistulae

71 2605 234 2680 nreminit,
255 2606 387 2687 legatur.
408 2611 540 2669 Mrem.
554 2604 633 2663 Post
670 2604 746 2665 locis
770 2603 916 2663 nonnihil
938 2613 1075 2687 grassata
1104 2615 1150 2665 est
1173 2606 1222 2663 in-

71 2687 166 2748 lsunc
197 2707 322 2745 versum
349 2685 420 2747 cod.
453 2687 535 2760 Aldi,
564 2685 631 2746 Pal.
670 2684 903 2767 terpolatorum
923 2684 1062 2745 licentia.
1086 2684 1158 2745 Vid.
1180 2685 1220 2745 sul
1301 2687 1309 2704 ⁸

71 2772 129 2849 (et
150 2769 203 2828 Fr.
225 2766 329 2844 Paul.)
352 2768 449 2829 hosce
471 2767 535 2827 dno
556 2766 629 2825 suls·
668 2786 726 2825 uss.
748 2768 817 2833 166.
839 2766 909 2831 167.
930 2773 1022 2830 Lapa,
1044 2766 1124 2826 Mihi
1146 2789 1222 2848 sup.

73 2851 233 2931 iungunts
269 2855 350 2932 Quas
377 2874 463 2934 snper
489 2854 631 2913 Oenonen
668 2847 808 2930 positum
839 2845 901 2906 hoc
937 2848 1097 2909 distichon
1128 2847 1218 2908 vide-

55 2933 166 3013 soa'es
187 2944 317 2995 mutarer-
338 2930 408 3003 (Fr.
432 2931 538 2990 Paul:
562 2934 630 2994 imi·
668 2937 732 3004 tus,
769 2936 835 2988 turn
863 2938 1002 3010 propter
1028 2929 1219 3012 pravitatem

67 3012 170 3090 turer)
190 3015 222 3075 in
242 3018 626 3088 annumeramus
668 3030 786 3085 sensus,
809 3010 882 3093 quia
905 3032 969 3070 non
1001 3012 1097 3071 etiam
1118 3035 1220 3095 regum

67 3101 116 3158 ost
137 3107 167 3156 te
186 3093 308 3167 (Paulz
329 3119 350 3157 a
369 3104 412 3168 tc)
438 3098 627 3176 digmorrttlo
667 3106 755 3155 natae
774 3098 910 3169 olinitius,
933 3113 1014 3174 quae
1037 3092 1140 3174 ipsum
1160 3113 1220 3174 pe-

68 3198 229 3241 nurua-
252 3196 388 3256 quorum
410 3176 580 3256 posterior,
601 3173 626 3232 si
668 3173 768 3249 tierit,
803 3174 1001 3233 mentionem
1038 3174 1126 3247 fecit,
1158 3195 1218 3234 nec

69 3278 150 3317 cum
174 3254 304 3316 Heinsio
324 3259 375 3337 (et
395 3256 502 3333 Basil.)
523 3255 627 3315 corri-
668 3253 742 3312 satis
765 3264 839 3336 apte
862 3253 987 3336 deipsa
1007 3252 1144 3315 Oenone
1171 3255 1222 3314 di..

68 3359 129 3422 gas
150 3338 170 3401 α’
189 3352 228 3415 tc,
256 3346 367 3398 nostro
396 3338 529 3398 fortasse
561 3357 625 3395 non
670 3343 758 3394 ctum
781 3344 837 3396 est.
868 3335 963 3412 Quod
994 3346 1102 3396 autem
1130 3334 1221 3396 lleu-

67 3414 225 3501 indignus
246 3417 403 3497 videatur,
424 3418 517 3501 prior
545 3416 625 3478 adeo
668 3418 776 3495 singer
798 3417 927 3492 obiecit,
944 3416 1020 3478 huic
1040 3439 1068 3477 v.
1086 3437 1222 3500 respon-

43 3506 125 3563 .est
146 3497 327 3577 mendosus,
347 3508 385 3560 ut
405 3501 522 3561 nullam
537 3520 572 3559 ex
593 3518 627 3558 se
655 3496 748 3573 ,alere
781 3499 813 3557 in
840 3498 940 3579 Epist.
973 3499 1115 3559 Helenae
1130 3519 1220 3578 ¹ver-

67 3580 301 3643 coniecturam
347 3580 420 3641 duci
474 3581 626 3662 patiatur.
669 3599 739 3638 snm
757 3580 826 3645 195.
849 3587 881 3639 et
901 3600 980 3662 sqq,
1007 3601 1122 3662 parum
1152 3602 1221 3639 ma-

66 3664 156 3726 Nam
178 3661 210 3722 in
247 3661 283 3721 iis
316 3683 445 3744 quoque
475 3661 627 3737 versibus,
670 3660 822 3720 niteaturn
856 3669 923 3730 est;
957 3663 1054 3722 immo
1091 3661 1220 3722 obstare

101 3763 197 3804 unsa
218 3762 251 3803 se
272 3741 629 3826 compositosproOvi-
670 3741 800 3801 uidetur
836 3748 921 3800 totus
957 3743 1010 3803 ille
1040 3764 1069 3804 v.
1096 3743 1164 3809 195.
1187 3751 1221 3802 et

66 3767 180 3889 manis
203 3824 294 3885 nohis
311 3822 628 3898 venditant‘librarii,
670 3822 749 3882 illud
763 3823 1002 3888 DicerisVerha
1024 3826 1147 3885 autem':
1159 3829 1224 3889 Neo

67 3905 222 3993 quamvis
256 3906 391 3966 intinctis
426 3915 459 3968 et
494 3905 629 3987 ineptis,
669 3921 770 3968 tomen
788 3911 848 3989 ipsc
874 3931 973 3989 negas,
999 3915 1072 3989 apte
1102 3905 1220 3966 referri

65 4008 209 4069 semper
239 3995 345 4049 tamen
381 3986 492 4071 aliquis
528 3988 628 4047 inesse
695 3984 864 4046 ossuntad
886 3991 982 4054 v.95.
1005 3984 1218 4052 etofihnius

66 4091 189 4135 sensns
226 4070 400 4152 reperitur,
429 4070 483 4152 qui
512 4069 543 4128 in
569 4067 630 4127 hoc
670 4008 745 4127 ioci.
770 4068 880 4149 Aptius
902 4089 1042 4151 qnoque,
1073 4068 1144 4127 loco
1175 4069 1221 4129 ita

65 4171 156 4217 une
178 4152 281 4212 nullus
303 4158 359 4211 est.
395 4149 542 4227 Quodsi
577 4169 630 4209 ve·
672 4149 856 4222 constituto,
878 4152 1024 4231 sequitur
1050 4146 1128 4209 illud
1148 4171 1224 4212 cren-

69 4254 152 4302 ram
173 4233 240 4296 eius
262 4232 454 4316 scripturam
478 4232 630 4293 autBur-
670 4244 786 4295 clarum
809 4250 901 4293 versu
926 4231 977 4300 97.
1012 4230 1087 4291 laba
1118 4227 1219 4305 dedit,
