2709 4675
1085 275 1204 340 xxix.

56 455 225 548 andum
247 477 295 549 et
310 458 369 550 ad
386 458 719 552 accuratiorem
740 461 1059 590 cognitionem
1080 497 1193 558 cum

56 598 247 690 omnino
260 597 456 692 Latinae
471 584 655 727 poeseos
668 624 775 692 tum
792 604 1039 731 praecipue
1050 605 1196 731 ipsius

54 735 1201 876 Nasonisperduoendum.Needeniqueineodeest,

55 882 249 994 materia,
280 913 374 1004 qua
410 914 513 974 suas
535 882 643 1008 ‘ipse
673 882 793 975 vires
820 885 880 975 ad
917 884 999 976 has
1037 885 1193 978 literas
1278 1007 1281 1016 .
1323 938 1325 941 ·

53 1050 153 1112 cum
167 1022 329 1114 fructu
348 1055 551 1115 exercere
567 1046 710 1145 atque
720 1023 915 1151 experiri
932 1025 1193 1122 adolescens

52 1162 198 1285 poan„
297 1149 299 1158 '
372 1251 376 1260 ·
872 1291 874 1294 ,

110 1302 551 1399 Indieemveterum
571 1306 856 1421 editionum,
871 1306 1029 1431 quales
1052 1306 1191 1437 vulgo

50 1440 95 1531 in
116 1442 264 1537 huius
284 1450 463 1573 generis
481 1447 782 1540 editionibus
794 1450 995 1575 proponi
1025 1449 1190 1563 solent,

50 1583 257 1676 consulto
280 1619 381 1680 uon
410 1588 571 1712 adieci,
592 1622 745 1712 quum
771 1589 880 1682 satis
909 1613 1118 1682 accurata
1139 1623 1193 1681 ac
1232 1697 1236 1704 ,

48 1724 258 1846 parabilis
280 1759 443 1820 earum
468 1729 640 1821 notitia
654 1754 795 1822 exstet
811 1730 862 1821 in
889 1732 922 1820 l.
943 1729 1191 1823 volumine

49 1863 264 1958 editionis
278 1868 573 1995 Bipontinae,
588 1894 634 1961 et
654 1904 841 1962 summa
858 1872 959 1963 eius
985 1873 1048 1962 rei
1068 1871 1118 1962 in
1135 1905 1191 1961 eo

50 1998 155 2119 loeo,
173 2040 328 2131 quem
354 2042 408 2099 ex
436 2007 522 2100 Clr.
547 2010 683 2102 Iahni
721 2009 894 2122 libello,
924 2012 1007 2136 qui
1041 2035 1107 2103 est
1135 2013 1194 2106 de
1224 2116 1226 2126 ,

47 2140 89 2234 Ρ.
113 2144 274 2239 Ovidii
305 2148 570 2246 Nasoniset
592 2151 646 2242 Α.
668 2151 831 2244 Sabini
866 2151 1099 2278 Epistolis,
1137 2153 1189 2245 in
1277 2223 1281 2229 -

50 2282 396 2383 introductione
413 2315 570 2384 nostra
590 2291 814 2385 inSabini
827 2292 1054 2419 Epistolas
1071 2316 1192 2387 attu-

49 2420 197 2543 limuS,
217 2455 449 2560 tangatur.
469 2432 610 2547 Quod
626 2434 757 2525 enim
775 2435 841 2526 ibi
858 2437 916 2525 de
933 2435 1028 2527 lisa
1043 2435 1192 2528 lahno

50 2565 279 2666 iudicatur
315 2574 373 2665 ad
402 2572 639 2667 Sabinum
670 2576 800 2697 quod
833 2578 1016 2690 attinet,
1060 2575 1190 2669 idem

51 2706 132 2801 lere
145 2712 203 2802 de
226 2712 394 2807 iisdem
410 2713 531 2833 valet
556 2716 738 2808 ratione
755 2715 975 2809 Nasonis:
1002 2718 1191 2829 accedit,

50 2853 182 2970 quod,
211 2887 322 2979 curn
357 2855 553 2947 nonnisi
578 2881 783 2978 quatuor
806 2879 893 2948 aut
914 2891 989 2950 sex
1018 2891 1042 2948 e
1071 2857 1194 2949 codi·
1327 2911 1328 2914 κ

50 2988 171 3084 cibus
190 3027 339 3087 manu
370 2995 846 3123 exaratis'descriptae
874 2999 986 3112 sint,
1015 2997 1194 3090 codices

49 3154 198 3226 autern·
228 3133 702 3229 Ovidii-earminum
733 3161 866 3229 tanto
905 3170 1109 3230 numero
1147 3161 1194 3230 et

50 3279 1191 3400 magnavetustateexstent,vetereseditioneshaud

49 3412 299 3511 admodum
322 3419 481 3545 magni
496 3421 684 3549 suntad
700 3442 883 3511 textum
902 3421 1193 3513 constituen-

48 3549 154 3646 dum
174 3560 422 3651 momenti.
434 3561 505 3659 De
522 3559 930 3687 dignitateautem
953 3592 1190 3650 commen-

50 3695 263 3791 tariorum
280 3722 327 3791 et
343 3701 524 3794 meritis
544 3699 843 3828 singulorum
861 3701 1186 3826 interpretum,
1308 3728 1311 3735 '

48 3861 241 3952 qaorum
266 3842 423 3969 copiae
453 3843 590 3935 nobis
611 3841 719 3933 usui
741 3842 949 3954 suerunt,
982 3842 1190 3934 iudicare

48 4004 427 4103 supervacaneum
463 4008 571 4097 erat,
610 3981 723 4105 quia
752 3982 978 4075 omniurn
1018 3984 1187 4108 copiaS,

47 4144 151 4237 quae
177 4124 376 4245 quidem
411 4125 562 4216 bonae
599 4123 745 4250 frugis
772 4158 863 4215 esse
889 4124 1188 4238 videbantur,

51 4250 143 4380 ipsis
157 4263 309 4358 verbis
327 4288 375 4359 et
390 4266 564 4361 additis
582 4264 866 4391 scriptorum
891 4264 1187 4377 nominibus,
