2709 4675
1113 237 1189 303 XXI

18 503 19 524 i
70 423 190 546 atque
216 425 522 556 repetendum
551 428 731 520 curavi:
760 428 823 522 ita
843 450 1014 541 tamen,
1041 449 1098 522 ut
1117 461 1189 520 su·

18 587 19 616 ³
69 583 330 687 perra‘canea
367 601 419 658 ae
456 569 770 672 redundantia
809 569 1087 682 resciderim,
1119 569 1190 661 'vi-

68 702 166 794 tiosa
206 706 512 820 emendarim,
546 740 711 800 manca
746 730 791 799 et
821 707 1035 800 lacunosa
1075 708 1191 799 meis

68 865 138 935 aut
160 845 351 960 mediae,
372 846 408 937 si
437 847 486 937 id
508 848 752 938 commode
778 844 876 938 fieri
902 871 1061 973 posset,
1081 845 1191 936 alio
1310 911 1312 918 =

69 1014 160 1076 rom
185 986 486 1077 annotationi
517 987 711 1098 insertis,
738 1008 821 1078 aut
847 988 1005 1080 statim
1023 987 1191 1078 adiun-
1284 1057 1288 1068 .

66 1122 135 1213 ctis
167 1122 405 1251 explerim.
432 1124 640 1237 Accessit,
667 1158 785 1249 quae
813 1128 1066 1219 maximam
1091 1158 1190 1264 par-

65 1281 146 1353 tem
168 1287 309 1376 tenet,
333 1265 577 1355 annotatio
603 1298 718 1377 mea,
754 1265 804 1355 in
832 1299 924 1388 qua
954 1269 1010 1358 de
1036 1264 1190 1378 omni·

64 1397 157 1514 hus,
208 1434 520 1526 quaecunque
568 1406 851 1496 restituenda
903 1429 986 1497 aut
1037 1380 1190 1504 enien-

64 1540 203 1632 danda
221 1565 307 1634 aut
330 1544 478 1668 magis
495 1540 724 1634 firmanda
747 1544 921 1669 putavi,
952 1552 1094 1668 quam
1111 1578 1190 1672 po

62 1679 123 1768 tui
159 1681 516 1807 diligentissime
551 1684 752 1808 exposui.

122 1819 289 1913 Unum
331 1843 408 1934 est,
451 1821 632 1913 dehac
670 1809 977 1916 annotatione
1025 1823 1187 1915 critica

61 1961 178 2077 quod
210 1993 452 2052 moneam:
486 1961 723 2053 nimirum
746 1963 1021 2086 ubicunque
1043 1964 1093 2053 in
1113 1963 1188 2054 his

59 2100 401 2192 commentariis
420 2099 596 2193 codices
622 2095 767 2214 multi,
776 2097 952 2233 plures,
967 2096 1187 2214 nonnulli,

18 2346 20 2359 y
57 2241 211 2367 pauci.
250 2236 451 2372 quidam,
474 2234 561 2332 olii
582 2263 666 2331 aut
693 2265 814 2333 certo
850 2275 1048 2333 numero
1080 2261 1186 2355 tres,

60 2398 272 2507 quatuor,
309 2404 389 2472 eet.
414 2378 854 2497 commemorentur,
887 2382 1007 2505 quin
1034 2383 1091 2472 ad
1115 2415 1186 2471 va·

58 2517 260 2610 rietatem
280 2520 332 2611 in
354 2517 449 2631 line
475 2519 620 2610 huius
646 2520 757 2612 libri
783 2521 1058 2633 remittatur,
1085 2554 1185 2612 non

56 2659 382 2782 exmeaaliqua
396 2657 531 2786 culpa
546 2655 787 2752 infinitam
806 2695 858 2752 ac
875 2693 1042 2786 parum
1057 2693 1185 2751 accu-

56 2819 198 2889 ratam
211 2831 309 2890 eam
332 2800 562 2890 rationem
579 2822 727 2891 ortam
749 2834 838 2892 esse
853 2824 993 2924 atque
1011 2799 1183 2890 harum

54 2967 204 3029 rerum
225 2937 515 3065 negligentia,
538 2939 614 3028 sed
644 2938 855 3031 virorum
876 2941 1135 3051 doctorum,
1159 2972 1184 3029 e

52 3104 252 3194 quorum
270 3077 420 3204 operis
437 3078 548 3167 haec
565 3101 719 3185 sumta
733 3102 858 3192 sunt,
870 3079 952 3199 qui
966 3078 1181 3184 codicum
1196 3110 1199 3119 ’

50 3242 302 3309 numerum
326 3240 372 3308 et
398 3217 594 3308 nomina
623 3217 673 3308 in
702 3216 795 3309 illis
811 3217 921 3309 locis
939 3249 1038 3308 non
1060 3219 1183 3309 indi-

50 3379 222 3449 carunt.
248 3354 380 3470 Quae
399 3355 690 3480 reprehensio
714 3390 824 3448 eum
845 3359 895 3447 in
914 3357 1181 3449 vetustiores

49 3493 237 3587 editores
254 3529 398 3622 prope
422 3528 583 3586 omnes
611 3496 746 3609 cadit,
768 3518 937 3587 tumet
963 3498 1187 3610 maxime,
1293 3516 1296 3523 “

47 3654 98 3722 ut
115 3667 256 3760 supra
287 3636 470 3727 dictum
501 3657 580 3747 est,
605 3634 657 3727 in
690 3636 841 3761 copias
859 3632 1113 3725 N.=Heinsii
1134 3660 1180 3728 et

45 3763 93 3857 P.
103 3768 380 3866 Burmanni.
402 3774 543 3866 Porro
561 3796 607 3864 et
628 3771 1000 3865 illudmonitum
1015 3772 1177 3866 velim:

45 3905 314 4036 ubicunque
339 3913 466 4004 iuxta
500 3913 716 4005 codicum
746 3910 1178 4045 lectionemsvulga-

42 4066 109 4137 tae
136 4048 321 4146 mentio
355 4051 515 4147 habita
540 4072 619 4163 est,
647 4053 805 4143 eadem
836 4052 926 4142 fere
950 4051 1175 4177 signifiea—
1289 4070 1293 4079 ’

42 4202 125 4305 tur,
150 4222 298 4316 quam
327 4224 416 4320 pro
442 4189 623 4320 vulgata
648 4188 914 4306 laudarunt,
938 4213 1022 4311 aut
1047 4195 1175 4285 unde
1215 4210 1217 4215 ’
