2709 4675
759 0 824 4 -ὴ
883 0 1057 6 *tv-v
1115 0 1267 8 —-v-
1389 0 1564 8 —v--v
1632 0 1671 7 v
1708 0 1896 7 v-—---

400 59 529 110 sex
583 45 1207 133 commemorarit,
1259 58 1508 117 tamen
1558 42 1657 116 ad
1705 67 1963 117 omnes
2001 0 2162 118 {V
2211 44 2440 144 primas
2479 0 2583 107 lle-l

404 149 709 223 roidum
763 154 1132 254 Epistolas
1183 153 1552 227 Sabinum
1619 151 2110 253 respondisse,
2181 153 2370 226 nulla
2420 149 2549 248 ροίϋῖ

402 282 557 330 esse
604 258 995 334 dubitatio.
1049 262 1140 336 Id
1190 261 1408 365 quod
1460 275 1625 335 tum
1672 288 1764 334 ex
1800 263 2086 335 ratione
2122 261 2317 335 illius
2341 246 2556 332 ovidian'n

403 367 549 441 loci
599 385 924 470 apparet,
981 374 1056 446 in
1107 399 1259 474 quo
1324 387 1398 444 et
1464 397 1660 446 suas·
1695 371 1929 470 ipsius
2000 372 2357 472 Epistolas
2411 360 2555 438 Hemi-

404 475 595 550 dum
645 483 873 581 magis
923 508 1193 583 genere
1244 480 1684 583 significare,
1750 505 1983 582 quam
2045 495 2376 555 accurate
2420 478 2562 570 singu-

403 588 510 661 las
560 590 846 664 referre
899 620 1074 666 eum
1125 593 1445 666 voluisse
1496 589 1844 679 vidimus,
1883 603 2048 664 tum
2098 603 2173 664 et
2218 591 2415 691 magis
2439 586 2563 659 etiam

401 725 494 771 ex
547 701 711 800 ipso·
753 702 1025 776 ordine
1079 716 1153 775 et
1211 701 1438 776 modo
1490 697 2133 775 commemorandi
2189 700 2274 789 1.‚
2317 692 2564 786 1V.‚V11.,

400 808 520 899 11„
555 810 707 898 VI„
760 826 834 886 et
881 812 1050 900 XV.
1106 839 1336 914 quam
1386 825 1461 883 et
1511 809 1606 883 de
1657 810 1809 883 suis
1849 809 2301 908 postremam
2326 733 2595 883 Nasum-i

400 915 624 993 davit.
677 923 1023 1024 Denique
1054 948 1209 996 non
1258 946 1531 1021 parum
1580 916 1949 992 firmitatis
2003 919 2134 993 ista
2189 918 2495 993 sententia
2524 907 2571 980 ab

401 1053 491 1103 eo
541 1027 783 1118 habet,
837 1029 1049 1133 quod
1101 1033 1179 1105 in
1231 1031 1343 1103 his
1394 1027 1636 1103 trihus
1712 1042 1949 1102 exstat
2003 1030 2336 1130 Epistola
2386 1017 2577 1101 Pafnffis

401 1137 501 1210 ad
552 1137 940 1231 Oenonen,
994 1142 1210 1215 euius
1263 1137 1585 1214 Ovidius
1618 1138 1768 1213 'illo
1818 1137 1986 1211 loco
2027 1164 2184 1213 non
2234 1129 2580 1213 meminerim

403 1260 630 1347 atque
683 1249 950 1324 eodem
1001 1250 1216 1324 ducit
1268 1247 1734 1325 Ovidianum
1784 1246 2011 1322 illud:

426 1382 432 1388 ⁸
522 1436 531 1451 ·
605 1360 815 1436 Quam
859 1363 989 1423 cito
1034 1360 1115 1422 de
1160 1375 1280 1426 toto
1321 1360 1520 1422 rediit
1560 1397 1643 1408 —
1684 1365 1835 1426 orbe.
2593 1380 2594 1432 χ

475 1549 481 1559 Ι
551 1465 864 1565 Scripsit
953 1481 1205 1542 autem
1257 1488 1406 1541 ‘eas
1485 1467 1744 1540 statim
1817 1477 2219 1567 postquam
2293 1457 2595 1572 Ovidiinffi

413 1574 654 1650 editae
708 1590 941 1666 erant,
994 1576 1070 1651 id
1125 1576 1355 1679 quod,
1412 1589 1499 1650 ut
1549 1602 1773 1678 supra
1823 1577 1973 1648 iam
2020 1573 2373 1662 diximus,
2426 1593 2506 1643 ex
2551 1562 2595 1649 Μ)

405 1683 888 1759 manifestum
937 1698 1066 1775 est,
1120 1714 1311 1788 quae
1363 1687 1456 1761 de
1504 1700 1862 1788 tempore,
1892 1710 2045 1786 quo
2098 1684 2355 1759 Ovidii
2403 1677 2595 1778 Epist&

410 1793 524 1903 lae
578 1790 893 1895 scriptae
945 1811 1141 1887 sunt,
1196 1797 1607 1886 attulimus,
1683 1810 1757 1869 et
1817 1798 1970 1896 ipse
2044 1794 2382 1868 Ovidius·
2433 1783 2595 1868 eodan

409 1903 541 1977 illo
591 1929 837 1994 versu,
889 1904 1243 1981 videlicet
1289 1906 1539 1981 verbis
1612 1907 1903 2006 Quam
1983 1910 2211 1994 cito,
2266 1890 2595 2005 liquidosi

400 2013 1192 2115 gnificavit..Primum
1244 2019 1473 2117 igitur
1523 2016 2025 2116 composuisse
2078 2012 2449 2114 Epistolas
2491 1998 2595 2090 vidi

403 2139 551 2214 tur,
606 2139 680 2198 et
726 2142 980 2226 postea
1031 2128 1186 2203 duo
1237 2128 1365 2200 illa
1414 2127 1557 2201 alia
1606 2126 1961 2217 carmina,
2032 2123 2318 2224 quibus
2391 2132 2595 2212 occup*

402 2250 570 2309 tum
615 2237 1016 2312 immatura
1065 2263 1268 2313 mors
1318 2238 1723 2341 praevenit.
1791 2234 1969 2332 Quo
2019 2260 2200 2308 vero
2254 2257 2455 2308 anno
2502 2254 2534 2298 e
2572 2245 2595 2291 v

401 2350 510 2437 vis
562 2352 977 2441 excesserit,
1028 2377 1184 2425 non
1236 2350 1499 2452 liquet.
1552 2351 1867 2425 Certum
1916 2361 2027 2420 est
2076 2345 2273 2419 illud
2330 2334 2595 2418 anteo-³

403 2458 508 2548 dii
560 2459 1092 2560 relegationem
1128 2468 1217 2559 (a.
1242 2488 1316 2533 u.
1350 2486 1414 2533 c.
1446 2465 1643 2557 762.)
1670 2455 1956 2531 factum
1992 2482 2185 2549 esse3
2238 2453 2580 2554 alioquin,

397 2583 600 2646 recte
651 2584 908 2643 monet
960 2570 1167 2659 Ialm‚
1219 2569 1398 2659 „ille
1448 2568 1872 2642 amicissimi
1925 2567 2068 2639 viri
2138 2578 2478 2640 mortem
2535 2579 2595 2658 pl

403 2681 531 2755 cul
582 2680 816 2753 dubio
867 2680 945 2753 in
997 2680 1364 2753 Tristium
1434 2691 1567 2775 aut
1632 2677 2121 2772 Ponticarum
2191 2672 2595 2776 Epistolarfl

405 2792 619 2889 libris
668 2788 1152 2879 deflevisset“,
1208 2802 1302 2876 et,
1372 2787 1581 2890 quod
1659 2788 1900 2861 maius
1976 2799 2527 2886 argumentum
2581 2803 2595 2850 ⁴

403 2901 739 3001 alioquin
789 2897 994 2972 haud
1051 2898 1448 2974 commode
1502 2901 1899 2972 immatura
1951 2921 2127 2968 eum
2176 2908 2438 2966 morte
2500 2918 2535 2963 e
2564 2912 2595 2959 ¹11

405 3010 795 3086 excessisse
847 3007 1166 3082 Ovidius
1220 3008 1474 3083 dicere
1523 3008 1903 3111 potuisset.

407 3208 413 3216 ,
546 3119 837 3194 Verum
889 3146 986 3191 an
1036 3118 1202 3192 illae
1256 3113 1660 3222 Epistolae‚
1716 3119 1934 3191 cuius
1986 3114 2128 3188 sub
2197 3116 2543 3189 nomine

373 3240 597 3334 ,stant
668 3229 1037 3330 cuiusque
1108 3228 1333 3329 vulgo
1383 3226 1757 3313 feruntur,
1810 3225 2065 3299 Sabini
2118 3251 2302 3298 vere
2365 3227 2555 3311 sint,

406 3355 516 3414 est
563 3341 1042 3441 multumque
1094 3337 1548 3412 dubitatum.
1598 3338 1712 3410 De
1742 3362 1893 3439 qua
1922 3336 2234 3439 quidem
2268 3336 2595 3438 quaesti

406 3475 583 3522 cum
633 3448 817 3520 Iahn
883 3450 964 3520 in
1025 3449 1558 3521 Dissertatione
1629 3472 1861 3550 supra
1933 3458 2366 3521 memorata
2442 3472 2595 3546 cop

405 3557 860 3645 disseruerit,
916 3560 1070 3659 ipsa
1119 3555 1343 3631 huius
1393 3558 1552 3634 Viri
1604 3558 2030 3632 Doctissimi
2097 3554 2375 3646 verba,
2444 3584 2595 3632 mes

408 3669 597 3770 quid
654 3669 815 3756 erit,
861 3667 1075 3768 quod
1122 3667 1417 3761 addam,
1485 3669 1700 3743 uncis
1776 3666 2065 3741 inclusa
2143 3666 2564 3760 inserens,
