2709 4675
164 235 196 297 Ι

8 405 12 476 l
136 407 140 416 ‚
205 423 422 516 Primus
456 447 523 516 est
558 423 699 516 codex
742 420 1052 515 bibliothecae
1093 423 1311 551 publicae

161 563 454 656 Trevirensis.
481 564 862 655 Membranaceus
885 585 951 656 est
975 564 1137 678 forma,
1161 598 1309 688 quam

162 702 301 831 uulgo
316 725 495 817 vocant,
516 705 741 825 quadrata
759 704 945 795 minore
967 727 1019 796 et
1029 704 1137 796 satis
1156 706 1311 796 nitide

160 865 304 966 atque
318 844 559 970 perspicue
570 844 785 966 quamvis
806 843 1140 937 minutissimis
1160 843 1310 939 literis

158 983 370 1110 scriptus.
408 983 772 1109 inscriptionem
804 1017 830 1073 a
865 984 1019 1109 prima
1037 987 1185 1075 ma'nu
1205 1018 1307 1077 non

165 1122 317 1214 habet.
353 1122 443 1216 Sed
480 1122 709 1243 recentior
728 1124 780 1213 in
804 1120 900 1214 fine
917 1124 1096 1250 primae
1114 1125 1310 1251 paginae

161 1262 434 1354 subiunxit:
481 1260 673 1359 Ovidius
704 1258 1012 1395 epistolarum
1050 1260 1307 1355 heroidum.

162 1402 317 1517 Hunc,
354 1401 462 1496 licet
495 1426 640 1495 aetate
676 1435 776 1494 non
800 1436 938 1528 supra
966 1401 1202 1494 saeculum
1232 1405 1310 1496 de

160 1541 343 1633 cimum
379 1544 582 1635 tertium
612 1544 816 1634 recedere
841 1542 1116 1667 existimem,
1147 1565 1307 1636 tamen

163 1680 215 1773 in
234 1681 638 1809 praestantissimis
672 1682 848 1774 horum
886 1682 1155 1773 carminum
1183 1683 1309 1800 codi·
1346 1717 1347 1724 ¹

161 1820 293 1915 cibus
328 1855 574 1914 numerare
610 1820 775 1913 nullus
810 1820 991 1911 dubito.

232 1961 363 2054 Alter
379 1985 447 2053 est
463 1961 773 2053 bibliothecae
793 1960 1076 2052 academicae
1094 1958 1307 2054 Gicssen-

159 2100 233 2214 sis,
270 2102 353 2224 qui
391 2100 509 2193 olim
546 2101 640 2193 luit
672 2099 982 2192 bibliothecae
1020 2101 1308 2195 Scnhenber-

160 2240 333 2369 gianae,
370 2242 768 2354 membranaceus,
812 2233 947 2332 cuius
989 2243 1140 2367 copias
1181 2247 1303 2332 'acce2

160 2404 261 2508 ptas
282 2383 425 2473 refero
451 2380 675 2509 singulari
699 2381 988 2473 humanitati
1012 2384 1084 2513 Fr.
1100 2382 1299 2498 Osanni,

158 2522 420 2647 professoris
442 2518 706 2634 Giessensis,
743 2524 799 2613 V.
818 2520 904 2635 Cl,
931 2546 976 2613 ct
1006 2555 1140 2613 curae
1161 2547 1306 2646 atque

158 2660 428 2788 diligentiae
472 2658 723 2754 Guiliclmi
766 2662 984 2788 Wigand,
1041 2663 1091 2752 in
1141 2665 1304 2757 eadem

156 2803 388 2893 academia
403 2801 625 2927 privatim
640 2802 860 2913 docentis,
871 2803 954 2924 qui
973 2801 1094 2893 mihi
1107 2803 1303 2896 Osanno

157 2965 346 3033 auctore
379 2942 512 3032 hunc
547 2942 753 3033 codicem
773 2940 980 3033 contulit
1004 2965 1049 3032 et
1069 2943 1213 3035 varias
1242 2943 1304 3033 lc-

157 3086 332 3172 ctiones
347 3082 687 3173 accuratissime
710 3082 941 3207 excerpsit.
960 3081 1191 3193 Eundem,
1205 3086 1299 3199 sed,

157 3242 213 3311 ut
246 3219 488 3347 plerosque
523 3219 738 3342 reliquos,
758 3252 856 3310 non
893 3222 1001 3312 satis
1036 3222 1298 3349 diligenter,

157 3359 362 3452 contulit
395 3359 449 3453 N.
486 3361 707 3452 Heinsius
742 3382 787 3451 et
820 3361 909 3452 sub
951 3363 1149 3453 nomine
1189 3363 1300 3455 alte-

154 3500 253 3592 rius
285 3499 561 3592 Menteliani
585 3532 939 3622 nonnunquam
960 3499 1179 3594 laudavit.
1215 3504 1299 3600 Est

154 3662 312 3732 autem
333 3639 413 3730 ille
431 3642 570 3755 codex
589 3640 835 3732 mediocris
850 3664 998 3753 notae,
1014 3641 1073 3732 ab
1089 3643 1295 3758 indocto,

45 3870 51 3881 ,
154 3782 420 3893 utvidetur,
436 3779 627 3872 librario
643 3774 1296 3909 autemeudosioreexemplo

151 3919 419 4047 descriptus.

218 4061 402 4153 Tertius
415 4060 883 4177 estHelmstadiensiS‚
899 4064 1294 4178 membranaceus,

149 4231 277 4293 anno
304 4202 499 4295 demum
525 4212 669 4296 1450.
699 4225 803 4330 post
832 4203 927 4333 ipsa
949 4206 1061 4298 artis
1086 4228 1290 4335 typogra-
