2709 4675
160 152 232 230 25⁰
298 86 299 91 ¹
533 148 830 226 EPISTOLA
866 147 942 223 ΧΙ.

159 297 312 399 Iamque
337 298 593 372 tumescebant
618 297 738 372 vitiati
765 295 937 398 pondere
961 296 1112 386 tennis,

211 407 406 509 Aegraque
431 407 616 481 furtivum
640 405 810 480 membra
834 405 1010 507 gravabat
1034 430 1139 480 onus.

158 514 262 610 Quas
290 516 380 591 mibi
408 542 487 590 non
514 515 656 605 herbas,
682 542 779 617 quae
799 541 877 588 non
901 513 1150 589 medicamina
1179 515 1297 591 nutris

193 627 359 717 Attulit,
385 626 518 701 audaci
544 627 817 727 supposuitque
842 651 968 714 manu,
1254 632 1297 704 tt

159 735 216 807 Ut
240 738 389 834 penitus
413 736 549 810 nostris
572 735 713 809 -boc
738 749 775 808 te
801 733 1004 808 celavimus
1031 759 1207 809 uuum-

146 860 148 865 '
212 844 427 920 Visceribus
452 870 623 919 crescens
647 856 889 918 excuteretur
914 849 1029 916 onus!

162 952 221 1026 Ah
247 953 408 1026 nimium
432 955 540 1027 vivax
565 952 724 1027 admotis
750 954 885 1027 restitit
909 951 1030 1028 inians

204 1062 370 1155 Artibus,
396 1076 434 1137 et
456 1075 556 1137 tecto
577 1077 680 1137 tutus
704 1062 752 1137 ab
778 1061 881 1138 hoste
905 1062 989 1136 fuit.

158 1259 236 1319 Aen.
257 1259 281 1335 1,
300 1256 341 1336 6.,
359 1257 417 1319 ubi
436 1257 500 1318 vid.
516 1265 624 1318 annot.
634 1261 710 1319 Ser·
750 1238 935 1334 Burmanni,
966 1256 1102 1319 Patruus
1130 1267 1163 1320 et
1182 1260 1299 1322 Secun-

156 1341 210 1400 vii.
249 1338 317 1401 Vid.
352 1340 449 1401 etiam
478 1338 640 1400 Schrader
667 1336 708 1398 od
750 1338 819 1417 dus,
840 1339 872 1398 in
894 1339 1047 1405 versu37.
1066 1343 1173 1422 potius
1193 1343 1300 1426 legen-

156 1423 275 1482 Musee.
308 1442 336 1481 v.
374 1422 445 1488 298.
482 1420 575 1482 Conf.
612 1418 707 1480 Ovid.
750 1417 826 1480 dum
847 1430 1058 1480 censuerunt:

156 1505 284 1563 Metam·
306 1503 375 1580 VH,
394 1502 465 1570 578·
787 1526 900 1597 lamque
922 1523 1107 1578 tumescebant
1126 1526 1216 1579 vittati
1231 1545 1299 1597 pou-

195 1599 244 1665 37·
265 1598 315 1665 38·
335 1605 479 1685 Pigraque
492 1603 641 1681 fintionm
667 1626 707 1664 m.
743 1650 747 1663 ‚
1019 1599 1084 1654 dere
1103 1606 1205 1656 ventris
1226 1632 1263 1643 -

174 1730 181 1743 .
214 1706 252 1760 o.,
284 1681 371 1764 quod
400 1683 433 1742 in
466 1680 528 1741 suis
559 1680 707 1741 codicum
747 1675 781 1735 in
802 1694 841 1735 eo
863 1694 1060 1736 summorum
1075 1673 1216 1736 virorum
1235 1680 1299 1737 ete-

153 1707 232 1821 ἱον,
261 1771 295 1822 et
327 1763 420 1823 Hafn,
455 1763 612 1844 excerptis
643 1763 706 1845 legi
748 1757 887 1852 gantiam
916 1755 1074 1817 dettdero.
1121 1757 1182 1817 Est
1216 1760 1300 1818 enim

181 1841 301 1903 redidit
339 1847 447 1909 Burm.
494 1842 631 1906 Secund.
665 1844 707 1904 ad
748 1836 837 1915 iliud,
864 1858 936 1898 meo
958 1837 1089 1919 quidem
1109 1859 1212 1914 sensu,
1233 1839 1300 1898 tan-

154 1865 301 2006 i'ropert.
324 1925 706 2008 IV,1,99.‚e1ipsoillo
748 1918 880 2004 gnidum
902 1926 936 1980 et
962 1919 1012 1981 vix
1041 1940 1137 2002 supra
1163 1939 1299 2003 prosum.

127 2057 129 2059 .
155 2005 319 2086 Propertii
342 2008 430 2068 loco:
956 2021 959 2027 ’
1166 2007 1259 2066 Lern.

192 2104 268 2157 mem
289 2122 349 2177 08⁰»
369 2123 430 2157 cum
451 2106 565 2157 Cinarae
583 2104 707 2159 tubera
747 2079 838 2144 Adde
860 2081 1111 2143 concinnitatem
1124 2084 1301 2143 sententia-

424 2184 528 2235 Lucina
548 2181 667 2248 dorm„
748 2185 835 2226 rums
853 2170 1021 2249 pondera
1039 2170 1236 2230 tumescebant
1268 2172 1301 2223 et

230 2259 266 2312 Et
284 2258 616 2331 tacerentuteripondera
630 2262 706 2313 tenta
745 2270 838 2310 onus
864 2253 1011 2330 gravabat.
1053 2246 1174 2325 Mureti
1208 2244 1299 2307 cod:

153 2363 156 2368 >
506 2355 610 2391 moram
630 2366 667 2378 -
743 2333 880 2413 pondere.
1146 2362 1149 2368 “

153 2408 239 2469 forte
281 2408 532 2491 praeferendum
578 2410 706 2495 scripsit
784 2411 835 2475 39.
856 2405 905 2477 40·
927 2409 1091 2470 Decorum
1107 2406 1300 2470 confidentis

153 2490 316 2571 vutgatae:
414 2527 417 2532 ·
746 2490 880 2551 nutricis
919 2490 1040 2571 optime
1079 2490 1232 2573 exprimit
1268 2497 1302 2552 et

191 2578 331 2647 Aegraque
350 2577 369 2630 t.
391 2597 427 2633 m.
447 2595 471 2647 g.
494 2596 522 2631 o.
744 2570 894 2654 simplicis
914 2572 1042 2652 puellae
1067 2571 1236 2656 ingenium
1265 2592 1304 2632 o-

151 2647 213 2711 Sed
236 2649 298 2709 toci
321 2671 384 2712 non
406 2660 481 2712 sunt
495 2652 621 2713 similes.
635 2650 704 2712 Illic
744 2650 873 2713 stendit.
907 2657 994 2717 Cion.
1054 2667 1060 2678 ⁴

152 2729 282 2812 quidem
321 2728 362 2793 de
403 2734 539 2795 muliere
576 2733 704 2794 iamiam
783 2732 833 2801 40.
853 2738 1012 2818 Strpposuit.
1054 2732 1090 2794 Id
1119 2741 1187 2796 ests
1220 2734 1306 2795 utam

175 2813 354 2874 arturiente
380 2835 485 2876 sermo
518 2823 581 2885 est;
611 2815 702 2875 cuius
743 2814 894 2893 admovit,
915 2836 990 2889 non,
1011 2815 1057 2895 (t)
1078 2824 1115 2876 ut
1135 2836 1306 2877 commen-

150 2835 519 2979 baudincongruelenta
541 2902 616 2962 uteri
626 2922 704 2978 pon·
743 2905 844 2971 tutor,
883 2918 944 2978 per
986 2895 1157 2958 inferiores
1192 2904 1307 2980 pru-tes

109 3027 112 3030 .
152 2982 225 3040 dm
246 2973 509 3057 dicuntur,quae
536 2999 601 3038 non
635 2978 701 3037 cito
745 2978 885 3038 immisit.
913 2983 1046 3042 Mrcrnr,

148 3078 209 3117 nec
228 3057 321 3118 tacite
343 3056 700 3128 intueemederentur3
783 3057 834 3127 42·
864 3062 1025 3135 Visceribus
1053 3083 1195 3125 crescens.
1237 3057 1306 3120 Psi·

148 3136 201 3197 bic
222 3133 300 3198 vero
334 3136 374 3199 de
404 3160 441 3199 ea
470 3141 617 3217 muliere,
648 3141 701 3202 cui
744 3151 777 3203 et
803 3140 908 3201 Leid.:
933 3144 1095 3206 Visceribus
1128 3145 1251 3219 nmo-is,
1271 3147 1306 3199 et

148 3220 287 3296 primum
309 3227 487 3282 tumescere
503 3221 703 3304 incipiebant
743 3222 889 3285 Francos
893 3244 901 3280 ι
916 3236 1071 3286 exueretur
1078 3223 1188 3302 3Fest.
1200 3225 1225 3299 l,
1232 3221 1306 3288 623

148 3322 186 3362 ea
213 3298 375 3383 ponderat
404 3299 444 3362 de
474 3303 601 3397 quibus·
619 3304 706 3365 ΜΝ
782 3322 858 3376 Neve
886 3319 965 3375 daret
992 3303 1095 3393 partis,
1125 3323 1185 3373 ictu
1214 3328 1307 3373 teme-

146 3402 208 3522 per
236 3381 386 3443 abortum
422 3382 617 3445 excutiendis
645 3383 703 3445 ad·
839 3394 845 3406 ‘
1086 3400 1159 3450 raris
1180 3413 1267 3450 cneco

172 3484 210 3524 uc
230 3465 383 3547 cogitasse
395 3467 555 3527 nutricem
569 3466 600 3526 iu
612 3487 700 3549 seqq.
819 3473 976 3528 Visceribus
996 3491 1118 3530 crescens
1132 3472 1308 3527 *excutiebat

36 3547 39 3558 ’
146 3542 299 3606 videmus.
321 3547 434 3630 Neque
464 3557 570 3610 tamen
590 3553 701 3632 Pigra-
1183 3567 1270 3605 onus.

166 3652 200 3692 us
217 3625 442 3706 damnaverim,
464 3650 538 3690 curn
558 3628 599 3689 de
632 3637 700 3689 tar·
1151 3630 1267 3690 Bm.

144 3652 237 3770 dicre
259 3708 408 3792 gravidae
435 3710 558 3772 incessu
578 3712 698 3770 minus-
737 3708 788 3768 De
808 3726 844 3769 re
863 3706 951 3768 conf.
972 3708 1082 3768 Amor.
1104 3709 1142 3785 11,
1164 3709 1219 3774 13·

74 3793 77 3800 ’
145 3812 208 3874 que
231 3789 276 3850 illi
298 3788 338 3851 ad
360 3790 462 3853 officia
472 3814 528 3853 sua
538 3793 697 3874 promptis
777 3791 829 3862 43.
859 3800 920 3861 Ah.
957 3801 999 3862 At
1017 3815 1093 3857 vere
1124 3789 1309 3879 legendum

107 3875 110 3882 '
145 3871 298 3933 membris
339 3872 507 3934 commode
546 3873 698 3958 explicari
740 3874 1311 3948 doctiviriconieceruntCrth,

143 3960 250 4038 quest
291 3952 356 4014 sed
375 3963 409 4015 et
429 3957 574 4033 atterum,
611 3953 699 4038 qnod
739 3958 828 4101 quod
849 3958 985 4020 dolentis
1007 3968 1064 4038 est,
1086 3963 1310 4024 rectumne

141 4035 251 4175 plures
279 4033 400 4097 babent
425 4035 562 4115 codices,
595 4057 698 4120 aeque
840 4123 846 4136 .

169 4136 267 4174 onum
289 4126 337 4176 est
357 4116 420 4178 boc
442 4139 545 4180 sensu.
588 4121 697 4198 Quare
737 4121 798 4183 bus
817 4130 901 4183 vitae
922 4123 1104 4204 periculum
1134 4125 1170 4187 in
1199 4127 1309 4206 partu

144 4194 335 4259 serrandum
364 4195 448 4264 duxi.
493 4199 589 4278 Quod
619 4221 697 4263 vero
739 4212 772 4266 et
806 4213 946 4288 propter
983 4204 1124 4296 eundem
1167 4211 1312 4291 partum

762 4049 867 4117 ocent,
875 4062 957 4123 quae
969 4050 1162 4124 sequuntur,
1172 4043 1210 4105 in
1232 4036 1310 4122 qui·
