2709 4675
756 109 1678 208 PROOEMIUM.

49 413 490 583 Epistolae
540 484 628 557 A.
681 483 934 557 Sabini
986 510 1163 558 cum
1192 483 1503 558 Nasonis
1535 482 1889 588 Epistolis
1938 479 2359 556 Heroidum

49 603 219 664 tam
273 608 477 669 arcte
531 593 950 683 cohaerent,
987 609 1071 668 ut
1103 595 1219 689 ab,
1240 597 1326 669 iis
1362 622 1596 698 prope
1639 622 1860 670 omne
1894 606 2364 671 momentum

49 728 296 776 suum
349 702 690 794 habeant,
743 718 815 777 et
867 707 1023 777 sine
1077 707 1162 778 iis
1212 706 1524 806 intelligi
1576 709 1703 779 vix
1749 719 2048 808 queant,
2081 704 2364 805 quippe

49 840 262 914 quae
316 813 411 886 ad
464 813 778 888 totidem
831 814 1083 888 Ovidii
1151 814 1521 915 Epistolas
1572 817 2049 917 respondent.
2105 813 2406 908 Quare‘

49 925 154 998 ab
210 937 520 998 auctore
572 923 917 998 editionis
965 930 1284 998 Venetae
1325 954 1389 997 a.
1423 933 1661 1019 1486.,
1707 954 1897 1029 quae
1949 938 2057 999 est
2105 949 2367 1015 earum

49 1035 442 1136 princeps,
511 1034 929 1135 prudenter
989 1037 1324 1136 primum
1391 1036 1815 1110 institutum
1880 1051 2026 1125 est,
2091 1048 2173 1107 ut
2236 1059 2365 1106 eae

52 1143 327 1218 Ovidii
378 1145 750 1244 Epistolis,
802 1173 844 1217 a
893 1145 1171 1245 quibus
1223 1147 1432 1247 quasi
1490 1147 1898 1220 concitatae
1951 1159 2144 1234 sunt,
2180 1172 2363 1246 qua-

49 1279 398 1354 rumque
450 1254 1008 1355 quodammodo
1050 1269 1339 1356 partem
1372 1257 1718 1346 efficiunt,
1755 1255 2364 1356 adiungerentur.

50 1362 151 1436 ld
207 1363 422 1464 quod
477 1363 620 1437 hoc
673 1362 1140 1438 commodius
1188 1367 1410 1438 etiam
1444 1352 1730 1439 factum
1764 1381 1894 1454 est,
1932 1362 2141 1467 quod
2185 1365 2367 1437 haec

52 1475 409 1545 carmina
460 1472 1091 1570 etiam'nonnih'il
1158 1474 1558 1548 conferunt
1626 1476 1724 1549 ad
1798 1476 2169 1549 Ovidiana
2237 1475 2368 1548 illa

51 1582 520 1656 illustranda
568 1609 983 1685 eorumque
1033 1585 1488 1684 scripturam
1540 1583 2154 1660 confirmandam.
2190 1604 2195 1611 '
2236 1587 2369 1658 At-

56 1718 217 1794 que
290 1721 378 1766 ea
445 1693 539 1766 de
609 1719 865 1767 caussa
930 1707 1003 1766 et
1068 1720 1240 1784 nos,
1306 1721 1484 1768 cum
1560 1693 1754 1768 illud
1822 1695 2370 1768 Ovidianarum

56 1803 583 1901 Epistolarum
672 1801 1138 1877 edendarum
1204 1831 1483 1877 munus
1564 1806 2146 1904 susceperimuS,
2240 1803 2370 1877 has

61 1913 514 1986 Sabinianas
564 1912 946 1987 addendas
999 1913 1416 2014 eodemque
1482 1940 1635 2016 quo
1705 1916 1865 1988 illas
1931 1915 2158 1989 modo
2223 1928 2371 1993 tra-

63 2023 382 2096 ctandas
433 2018 884 2124 putavimus.
937 2024 1130 2095 Sunt
1180 2037 1432 2095 autem
1497 2037 1668 2112 treS,
1736 2051 2058 2126 quarum
2127 2026 2372 2124 prima

64 2131 482 2232 respondet
530 2132 630 2205 ad
679 2132 931 2206 Ovidii
1001 2134 1340 2232 primam,
1410 2133 1819 2231 Penelopae
1888 2133 1984 2205 ad
2055 2134 2370 2222 Ulixem,

67 2242 305 2315 altera
355 2240 454 2315 ad
503 2241 812 2315 alteram
862 2242 1140 2330 Ovidii,
1173 2240 1536 2342 Phyllidis
1567 2240 1663 2314 ad
1700 2243 2369 2345 Demophoontem,

68 2357 293 2428 tertia
338 2353 437 2426 ad
488 2352 740 2428 Ovidii
794 2354 1155 2454 quintam,
1210 2352 1557 2424 Oenones
1609 2351 1706 2425 ad
1763 2356 1998 2427 Parin.

217 2466 339 2536 De
391 2462 668 2537 Sabino
719 2475 969 2534 autem
1020 2464 1177 2561 ipso
1223 2460 1639 2534 admodum
1685 2489 1923 2563 pauca
1961 2466 2363 2539 memoriae

72 2572 376 2671 prodita
443 2560 749 2661 exstant,
818 2573 957 2645 nec
1024 2571 1331 2645 fortasse
1394 2570 1612 2671 plura
1676 2598 2012 2672 unquam
2080 2576 2375 2674 exstit&-⁴

77 2699 276 2772 runt,
331 2696 484 2755 tam
536 2684 713 2782 quia
762 2682 1137 2781 primaria,
1191 2694 1275 2752 ut
1321 2679 1645 2769 videtur,
1713 2707 1799 2754 ac
1865 2684 2145 2755 maiora
2213 2686 2371 2775 eius

79 2793 414 2880 carmina
468 2790 900 2892 imperfecta
951 2803 1411 2878 manserunt,
1456 2815 1685 2889 quam
1735 2805 2044 2892 propter
2089 2792 2374 2866 medio-

80 2902 424 2975 critatem
483 2899 707 2973 huius
759 2902 1068 2972 Romani
1125 2898 1220 2972 ad
1271 2913 1508 2972 artem
1562 2900 1931 2998 poeticam
1980 2899 2371 2976 facultatis.

82 3006 344 3113 Itaque
372 3033 511 3110 pro
544 3011 747 3082 omni
780 3008 874 3081 de
902 3007 1044 3081 hoc
1080 3022 1296 3109 poeta
1346 3010 1768 3081 testimonio
1817 3013 2195 3084 vetustatis
2252 3011 2380 3085 ha-

86 3114 309 3192 bendi
363 3132 538 3190 sunt
588 3118 741 3191 duo
794 3119 937 3192 loci
988 3116 1192 3219 apud
1244 3117 1606 3190 Ovidium
1664 3120 1953 3215 (Amor.
2008 3120 2101 3207 11,
2154 3130 2269 3200 18.
2307 3135 2383 3194 et

90 3226 317 3326 Epist.
374 3254 467 3299 ex
516 3230 726 3300 Pont.
779 3228 906 3316 IV,
957 3230 1114 3321 16.)
1167 3241 1239 3300 et
1291 3252 1488 3299 unus
1558 3229 1629 3299 in
1702 3226 2027 3310 editione
2098 3230 2382 3303 Veneta

98 3362 152 3406 a.
205 3347 444 3427 1486,
499 3364 687 3439 quos
735 3364 982 3438 nuper
1034 3338 1254 3410 etiam
1306 3338 1409 3410 lo.
1444 3336 1713 3409 Christ.
1765 3334 1947 3408 lahn
1999 3337 2075 3409 in
2125 3336 2382 3412 libello

109 3450 564 3539 Academico,
618 3452 748 3552 qui
805 3448 1275 3521 inscribitur:
1333 3450 1452 3519 De
1509 3446 1899 3519 P..Oviclii
1940 3446 2279 3520 Nasonis
2308 3464 2385 3520 et

117 3565 200 3631 A.
250 3560 512 3633 Sabini
563 3559 924 3659 Epistolis
975 3559 1446 3655 DisputatiO,
1514 3557 1717 3629 Pars
1767 3558 1863 3642 L,
1935 3570 2387 3632 commenta-

121 3681 221 3741 tus
286 3683 390 3741 est
454 3682 676 3768 atque
746 3694 895 3740 una
979 3693 1154 3742 cum
1223 3667 1465 3766 prima
1530 3664 1864 3765 Epistola
1912 3679 1986 3738 et
2049 3665 2381 3763 reliquis,
