2709 4675
354 573 853 715 ruoouururu.

443 879 782 977 cururr.
968 845 971 849 ὗ

61 1058 308 1224 Carminum
337 1161 473 1240 genus,
499 1139 560 1211 cui
586 1140 727 1212 Herois
766 1164 904 1212 nomen
934 1152 1005 1230 est,
1046 1152 1176 1214 nostra·

56 1275 162 1336 aetate
187 1263 362 1336 latissime
387 1272 505 1360 patet,
532 1284 575 1332 ac
600 1260 825 1362 plerumque
844 1262 893 1333 ita
912 1260 1105 1351 definitur,
1132 1275 1176 1335 ut

57 1383 128 1458 fere
152 1409 280 1458 onmes
306 1382 477 1483 epistolas
502 1384 683 1481 poeticas,
710 1385 748 1456 in
774 1384 911 1484 quibus
936 1410 1013 1458 non
1037 1410 1084 1456 ex
1103 1393 1175 1455 su'a

57 1521 160 1608 poeta
194 1532 354 1608 persona
389 1504 582 1604 loquitur,
622 1500 689 1577 sed
730 1504 820 1578 alios
860 1505 907 1580 de
948 1529 1176 1607 quocunque
1249 1563 1252 1570 ,

56 1629 238 1704 afflictiore
262 1628 359 1700 vitae
386 1638 483 1724 statu
509 1638 621 1725 atque
647 1628 686 1698 in
712 1626 986 1702 vehementiore
1014 1628 1180 1729 quadam

57 1749 164 1822 animi
204 1748 453 1821 commotione
492 1744 542 1818 ad
570 1743 745 1847 ‘aliquem
779 1748 982 1823 scribentes
1015 1750 1177 1841 inducit,

58 1871 335 1973 complectatur.
363 1866 522 1941 Ovidius
536 1881 660 1940 autem
674 1871 864 1943 Heroides
886 1897 968 1944 suas
994 1872 1181 1973 angustio·

58 1995 162 2069 ribus
187 1993 355 2066 terminis
381 1992 684 2092 circumscripsit.
735 1993 830 2066 Nam
861 1994 963 2094 quod
1002 1994 1051 2068 ad
1075 1975 1202 2097 argu-⁸

55 2129 227 2191 mentum
251 2114 397 2201 attinet,
422 2115 576 2186 materia
601 2140 662 2186 eas
681 2117 857 2188 amatoria
874 2116 1073 2208 continuit3
1098 2142 1183 2216 per-

57 2262 166 2311 sonas
189 2263 280 2311 rero
305 2236 435 2309 sumsit
460 2247 525 2309 aut
544 2260 590 2308 ex
609 2234 772 2326 heroico,
802 2236 906 2339 quod
920 2236 1070 2328 dicitur,
1092 2262 1183 2309 aevo

57 2376 94 2438 et
118 2364 200 2462 ipso
226 2386 359 2461 genere
384 2358 560 2448 heroum,
597 2371 663 2431 aut
686 2385 732 2431 ex
765 2346 1026 2436 obscurissima
1057 2387 1101 2436 ao
1126 2388 1185 2436 re-

59 2483 264 2558 motissima
287 2494 479 2555 vetustate.
989 2575 992 2580 Ι

129 2607 325 2680 Pertinent
339 2617 463 2676 autem
489 2599 578 2675 haec
605 2603 769 2676 carmina
795 2601 921 2677 Ovidii
948 2647 996 2665 -
1021 2629 1110 2676 nam
1136 2600 1184 2675 de

59 2729 230 2806 Heroide
255 2726 507 2800 recentiorum
520 2738 734 2823 temporum
749 2739 785 2797 et
798 2726 947 2816 latiore,
975 2754 1070 2829 quae
1086 2752 1189 2800 nunc

60 2849 117 2924 itti
143 2848 229 2921 voci
253 2845 453 2933 tribuitur,
479 2846 515 2918 vi
543 2859 654 2946 atque
679 2858 859 2946 potestate
884 2849 945 2923 hic
971 2850 1095 2923 dicere
1114 2875 1192 2921 non

61 2972 265 3045 attinet-
286 2966 335 3041 ad
364 2968 542 3067 poematis
559 2995 692 3069 genus,
720 2968 824 3069 quod
844 2971 1004 3042 mixtum
1024 2980 1193 3041 vocatur.

62 3097 163 3169 Sunt
187 3096 289 3164 enim
302 3117 322 3163 e
335 3115 469 3191 genere
495 3090 671 3191 elegiaco,
699 3090 1011 3191 quatenusanimi
1032 3086 1193 3163 dolentis

63 3227 101 3287 et
120 3212 297 3314 patientis
322 3235 450 3284 sensus
488 3225 525 3283 et
549 3210 703 3284 affectus
729 3210 916 3283 molliores
942 3209 1024 3283 illos
1061 3221 1097 3280 et
1127 3209 1194 3309 qui

62 3337 181 3438 magis
206 3331 491 3441 describuntur,
530 3357 645 3432 quam
669 3358 689 3404 e
714 3330 969 3405 vehementius
1007 3345 1196 3405 commoto

64 3461 193 3533 animo
220 3482 308 3529 oum
327 3456 370 3527 *ri
396 3467 507 3555 atque
533 3454 674 3553 impetu
703 3450 960 3540 effunduntur,
979 3453 1018 3524 in
1043 3478 1080 3524 se
1106 3477 1195 3525 con-

64 3583 201 3667 tinent,
243 3589 281 3649 et
304 3575 527 3676 plerumque
552 3573 694 3649 leniore
724 3599 767 3646 ac
801 3570 985 3645 sedatiore
1019 3573 1196 3645 orationis

64 3666 200 3773 habiti
227 3695 417 3770 incedunt.
469 3696 567 3769 Cum
590 3722 724 3794 genere
762 3707 886 3766 autem
910 3694 1088 3793 poematis
1114 3691 1199 3765 dra-

66 3821 197 3895 matici
223 3818 284 3891 vel
306 3818 417 3891 activi
439 3814 536 3889 illud
562 3842 761 3891 commune
787 3814 934 3901 habent,
963 3813 1068 3915 quod
1092 3813 1196 3886 iniis

65 3956 181 4047 poeta
221 3966 298 4014 non
332 3964 418 4012 suos
453 3963 580 4010 sensus
605 3951 717 4037 atque
744 3937 856 4008 animi
882 3934 1092 4009 affectiones
1116 3961 1201 4036 per-

67 4067 225 4156 scribit,
251 4062 318 4136 sed
343 4061 501 4135 alienam
525 4082 723 4159 personam
738 4084 783 4130 ex
799 4058 947 4157 ingenio
973 4058 1063 4146 eius,
1089 4059 1200 4159 quale

67 4205 136 4265 aut
163 4190 207 4265 in
231 4176 472 4259 historiarum
497 4178 603 4282 libris
642 4193 707 4251 aut
737 4181 776 4252 in
808 4177 944 4251 fabulis
970 4176 1201 4279 descriptum

642 4322 647 4329 ·
884 4299 905 4369 5
