2709 4675
372 190 823 254 ‘PROOEManlL
1037 191 1168 289 thttll
1227 212 1229 216 ¹

64 349 144 397 uum
166 323 247 396 aliis
272 321 396 396 verbis
421 323 642 412 iterationes,
668 324 796 395 inanes
825 335 863 395 et
887 323 990 396 nulla
1015 323 1069 395 rei
1090 348 1171 421 gra-

63 447 161 518 vitate
199 441 386 526 adductae
424 432 628 546 verborum
677 440 925 545 repetitiones.
974 443 1171 519 Accedunt

20 573 21 660 1
64 569 236 666 quaesitae
261 549 470 656 allusiones,
496 566 600 638 lusus
624 566 842 655 verborum,¹
865 570 1068 669 aucupium
1084 595 1172 642 con-

20 667 21 674 .
63 679 313 790 trapositoruln
357 702 395 760 et
445 686 687 789 quadrandae
737 691 913 763 orationis
971 689 1167 770 industria.

63 808 127 883 Nec
151 808 315 910 denique
341 810 559 883 facetiarum
583 824 695 911 atque
722 812 938 884 acuminum
974 837 1085 883 usum
1122 812 1172 883 ita
1275 868 1278 878 .

64 928 211 1019 laudem,
245 944 288 1003 ut
320 958 397 1004 non
423 932 566 1031 saepius
593 933 630 1002 in
652 933 811 1005 nimium
836 934 1066 1032 argutiarum
1091 947 1169 1006 stu·
1289 939 1293 950 ⁴

20 1097 21 1102 κ
64 1049 167 1142 dium,
191 1052 300 1152 quod
326 1052 616 1155 vituperandum
642 1067 706 1140 est,
739 1080 827 1125 eum
862 1052 1055 1153 delapsum
1092 1077 1169 1124 esse
1225 1098 1229 1104 ι

20 1207 21 1210 “
63 1176 266 1258 existimem.
316 1176 372 1247 De
407 1174 545 1275 quibus
583 1174 832 1247 omnibus‘in
868 1174 1168 1249 annotationibus

62 1318 121 1367 suo
143 1295 226 1369 loco
251 1295 477 1368 monebitur.
503 1296 646 1370 Verum
669 1296 723 1367 illi
748 1297 867 1385 naevi,
893 1298 922 1369 si
949 1297 1170 1370 universeet

63 1441 102 1488 ex
125 1419 260 1490 maiore
285 1432 389 1518 parte
418 1416 665 1490 iudicandum
690 1430 755 1508 est,
788 1430 843 1488 tot
875 1430 1027 1516 tamque
1058 1416 1169 1489 variis

62 1541 168 1612 omnis
191 1541 336 1641 generis
362 1539 537 1613 laudibus
562 1552 673 1640 atque
699 1539 930 1640 praestantiis
955 1537 1064 1611 facile
1104 1535 1171 1609 ob-
1206 1605 1212 1620 ,

62 1676 248 1735 scurantur
273 1676 386 1763 atque
411 1661 646 1750 obruuntur3
679 1675 726 1749 et,
763 1674 805 1732 ut
838 1659 1043 1760 intelligens
1088 1660 1171 1761 qui-

63 1780 139 1855 dam
163 1783 428 1885 elegantiarum
451 1784 671 1856 Latinarum
697 1783 923 1857 existimator
947 1795 1047 1854 recte
1074 1781 1172 1854 iudi-

63 1909 157 1997 carit,
185 1908 341 1980 Ovidius
367 1921 423 1979 est
447 1910 486 1979 in
508 1909 601 2006 ipsis
622 1930 773 2008 quoque
800 1906 909 1975 vitiis
938 1906 1170 2000 ingeniosus.

63 2025 137 2100 Vid.
164 2027 294 2122 Quint.
321 2028 350 2100 l.
377 2028 422 2102 O.
449 2027 511 2114 X.,
537 2025 590 2101 M.
617 2029 661 2098 A.
696 2028 824 2099 Senec.
863 2023 1038 2123 Excerpt.
1075 2024 1168 2098 Con·

63 2159 145 2221 tror.
163 2150 217 2238 ll,
243 2177 278 2223 2.
306 2163 343 2223 et
367 2149 541 2223 Controv.
567 2149 630 2238 IV,
657 2151 729 2236 28,
741 2147 871 2220 Mauso
888 2143 911 2215 Ι.
929 2143 966 2231 l.,
979 2143 1032 2215 La
1047 2144 1172 2246 Harpe

63 2267 169 2344 Cours
194 2269 242 2345 de
267 2273 504 2362 Litterature,
533 2272 663 2371 Gierig
690 2272 728 2343 in
769 2268 964 2342 Prooemio
1007 2265 1169 2353 Metam,

20 2372 22 2425 3
62 2389 195 2465 Becher
221 2393 246 2465 l.
272 2397 311 2485 l.,
338 2394 486 2467 Ernesti
514 2394 560 2468 de
586 2393 818 2466 Elocutionis
843 2403 1038 2490 poetarum
1076 2399 1172 2458 vete-

62 2537 137 2587 rum
158 2515 320 2605 luxune,
345 2518 389 2590 E.
417 2517 464 2590 G.
490 2516 631 2589 Miiller
656 2515 680 2586 l.
707 2514 731 2585 l.
763 2516 807 2586 T.
831 2514 896 2586 lv.
923 2540 958 2613 p.
992 2512 1048 2585 53.
1075 2535 1170 2611 sqq,

63 2633 296 2739 Eschenburg
320 2638 510 2739 Entwarf
528 2646 634 2712 einer
655 2635 815 2710 Tbeoric
841 2647 909 2706 etc.
935 2660 971 2733 p.
993 2633 1073 2724 244.
1088 2655 1170 2731 sqq.

125 2762 200 2849 Sed
225 2763 402 2862 quoniam
431 2761 470 2834 id
496 2762 649 2859 agimus,
674 2772 715 2830 ut
738 2757 785 2830 de
804 2757 1005 2830 virtutibus
1017 2781 1060 2828 ac
1073 2756 1171 2828 vitiis

63 2878 185 2958 borum
211 2886 422 2957 carminum
447 2882 626 2968 dicamus,
651 2905 729 2952 non
754 2879 919 2952 alienum
944 2877 1035 2951 mihi
1067 2876 1170 2951 vide·

62 3013 115 3073 tur
136 3031 223 3093 esse,
250 3006 280 3078 si
307 3003 354 3076 de
380 3002 646 3077 imitationibus
672 3003 833 3075 aliorum
853 3014 1060 3101 poetarum,
1075 3025 1170 3099 quae

64 3124 93 3195 iu
115 3129 156 3201 iis
180 3125 390 3202 admodum
411 3126 624 3224 frequentes
645 3136 742 3214 sunt,
775 3123 892 3197 verbo
928 3147 1167 3223 exponamus.
1263 3108 1267 3117 ’

62 3248 141 3327 Nam
164 3257 194 3327 si
221 3255 286 3327 has
310 3252 493 3353 Epistulas
519 3252 731 3352 diligentius
747 3250 1011 3350 pervolvimus,
1030 3247 1169 3323 multos

61 3395 183 3465 versus,
217 3375 381 3463 allectus,
417 3362 621 3447 locutiones
659 3388 695 3446 et
732 3398 841 3446 voces
879 3372 1086 3472 reperimus
1124 3397 1171 3445 ex

62 3491 128 3569 aliis
157 3499 275 3599 poetis
312 3497 498 3599 e'xpressas
530 3509 594 3567 aut
631 3508 737 3572 certe
768 3491 1022 3585 adumbratas,
1066 3493 1170 3567 velut

62 3618 93 3691 ia
113 3623 273 3723 Epistola
287 3623 314 3694 l.
338 3634 374 3693 et
400 3620 464 3693 Ill.
481 3647 526 3692 ex
551 3620 726 3704 Homer0,
753 3618 791 3689 in
805 3618 920 3718 Epist.
936 3619 999 3692 lv.
1027 3643 1072 3689 ex
1092 3619 1170 3692 Eu-

61 3741 174 3841 ripidis
198 3742 378 3831 Phaedra,
403 3743 442 3813 in
467 3740 633 3840 Epistola
658 3739 743 3813 ΧΗ.
766 3767 811 3812 ex
831 3739 1003 3826 ¹eiusdem
1021 3740 1165 3828 Medea,

62 3860 94 3934 in
114 3866 276 3968 Epistola
302 3865 383 3940 Vll.
410 3889 430 3936 e
455 3862 621 3962 Virgilio,
647 3862 687 3933 in
712 3862 878 3962 Epistola
904 3861 992 3936 XX.
1022 3891 1066 3936 ex
1083 3865 1166 3938 Cal-

61 3976 221 4078 limacb03
263 3998 375 4086 atque
415 3981 502 4057 inde
540 3985 755 4056 coniectura
795 3995 859 4072 est,
898 4009 1013 4083 quam
1050 3987 1168 4061 multa

61 4098 210 4202 Epistola
234 4108 319 4181 XV.
346 4133 392 4179 ex
418 4108 515 4207 ipsis,
556 4133 651 4207 quae
675 4119 712 4177 et
737 4106 814 4204 ipsa
837 4131 968 4202 magna
994 4129 1038 4174 ex
1062 4112 1166 4203 parte

62 4217 94 4291 ln
115 4226 241 4303 eodem
266 4241 482 4330 argumento
509 4241 751 4302 versarentur
776 4240 813 4299 et
838 4223 948 4298 dulce
966 4230 1169 4324 quaterem,
1237 4214 1240 4221 ’
