2709 4675
214 37 358 122 apanis
378 43 464 104 xxi.
486 0 512 103 ι.
525 67 554 105 v.
579 45 626 108 13.
648 0 913 123 monce,
935 57 971 107 ut
991 0 1156 128 inpiis

215 132 281 213 bus,
295 136 428 199 desunt.
448 138 608 214 Mediocri
627 150 704 201 nota
724 139 811 202 hunc
841 140 988 202 codicem
1020 138 1163 201 notandu

213 229 365 293 Ceterum
391 231 478 296 hunc
508 232 665 310 codicem,
697 235 831 295 maxima
861 244 953 318 parte
980 234 1078 316 primi
1098 232 1163 294 volt

217 325 301 407 typis
335 325 514 410 descripta,
543 336 692 389 excutere
728 327 859 389 demum
887 328 1030 411 contigit,
1063 327 1163 408 indeq*

216 428 272 495 est,
294 429 332 481 ut
353 419 399 480 ibi
421 420 461 482 de
483 419 635 483 undecim
656 422 735 483 meis
757 421 923 484 codicibus
945 445 1039 506 saepe
1062 422 1163 484 dictur

276 513 386 576 Codex
407 515 696 597 Argentoratensis‚
719 515 744 575 si
766 515 947 592 schedulae,
970 538 1051 599 quae
1074 515 1104 576 ei
1124 538 1163 598 pr

212 603 288 668 fides
309 605 468 684 habenda,
492 617 565 669 ante
586 607 709 690 aliquot
736 609 862 669 saecula
888 608 1163 691 Constantinopoli

212 701 349 762 maniam
383 702 552 763 translatus
582 710 639 778 est,
669 701 776 784 itaque
808 701 875 762 sine
906 701 1003 763 dubio
1033 702 1163 783 eliquit

211 797 343 878 antiquo
366 797 455 858 fonte
477 795 625 856 manavit
647 793 861 857 Continentur
892 796 924 856 in
958 819 996 857 eo
1027 805 1158 879 praeter

211 886 390 952 Heroidum
412 890 508 951 etiam
528 889 693 978 Epistulae
715 910 752 951 ex
772 891 888 951 Ponto.
918 893 1031 952 Aetate
1054 912 1162 971 usque,

210 982 275 1043 lum
297 983 613 1045 decimumtertium
634 984 799 1066 pertinere
820 983 958 1045 videtur.
997 983 1127 1045 Scholia

211 1078 359 1139 eontinet
378 1087 511 1160 praeter
536 1077 741 1158 paucissimas
770 1079 964 1160 singularum
991 1101 1108 1139 vocum
1137 1080 1163 1141 ci

209 1159 325 1247 tiones,
349 1171 491 1253 quamvis
513 1170 614 1231 multo
637 1192 695 1231 usu
717 1171 889 1233 admodum
913 1172 1047 1243 detritam
1070 1174 1118 1232 sit.
1150 1177 1163 1233 l

213 1264 292 1326 sime
315 1273 413 1346 atque
435 1262 672 1325 accuratissime
696 1274 743 1326 est
765 1275 917 1342 exaratus,
941 1266 1000 1327 nisi
1022 1267 1163 1347 quodne

212 1359 285 1440 pria
308 1380 404 1440 saepe
427 1357 600 1440 depravata
623 1366 705 1433 sunt,
735 1366 768 1418 et
793 1367 859 1418 tam
886 1358 1004 1440 pallido
1028 1360 1163 1442 scriptus

210 1463 333 1531 mento,
355 1461 392 1513 ut
413 1451 519 1514 multis
542 1452 574 1511 in
595 1451 674 1511 locis
696 1451 978 1513 vetintentissima
992 1454 1163 1519 oculorum

212 1549 338 1630 misque
360 1538 577 1607 instrumentis
599 1545 662 1628 legi
683 1545 732 1606 vix
753 1545 826 1607 satis
849 1556 954 1628 queat.
996 1550 1031 1607 ln
1049 1547 1114 1609 hoc
1137 1570 1163 1609 ci

212 1644 295 1704 stola
317 1637 398 1717 XV,
417 1640 498 1730 ¹item
520 1639 589 1701 clv
610 1639 655 1699 illi
676 1662 785 1701 versus
809 1640 952 1702 decimae
975 1652 1079 1703 sextae
1101 1642 1163 1702 dest

210 1735 288 1797 inde
313 1735 430 1797 coniiei
452 1733 568 1796 merito
590 1743 707 1816 potest,
730 1736 769 1798 ab
792 1736 883 1795 initio
913 1736 1095 1796 vicesimam
1126 1758 1163 1817 qn

211 1852 299 1891 mam
323 1852 341 1889 a
360 1853 390 1890 v.
413 1829 460 1893 13.
482 1827 629 1904 defuisse,
652 1827 693 1890 de
715 1851 790 1912 quo,
812 1839 848 1890 ut
869 1849 954 1890 nunc
976 1840 1024 1891 cst
1046 1829 1155 1905 codex,

210 1924 350 1986 iudicari
370 1931 488 2006 potest,
512 1944 609 2005 quum
632 1944 650 1981 a
671 1943 700 1981 v.
723 1922 792 1986 936.
822 1923 985 2006 Epistolne
1020 1923 1163 1984 vicesima

210 2027 244 2078 et
264 2042 367 2080 unum
389 2028 421 2080 et
441 2017 577 2078 alterurn
599 2015 712 2076 lolium
731 2015 875 2098 periisse,
897 2016 1001 2092 facile,
1024 2016 1080 2077 sed
1102 2038 1163 2097 quo

207 2113 362 2188 uiderint,
384 2112 543 2174 nonsatis
566 2121 729 2193 appareat.
752 2110 844 2172 Hunc
864 2105 1010 2172 codicem
1032 2111 1064 2170 in
1087 2111 1162 2171 meli

208 2206 402 2268 merendum
424 2227 550 2267 censeo.

272 2301 370 2378 Quod
401 2301 562 2383 reliquum
589 2308 646 2376 est,
676 2307 709 2360 et
738 2298 828 2362 h‘uius
856 2297 976 2360 codicis
1005 2309 1038 2361 et
1071 2300 1163 2362 Fran·

208 2397 320 2457 variae
341 2396 506 2472 lectiones,
529 2395 637 2477 quales
665 2392 719 2453 hic
750 2404 987 2477 proponuntur,
1022 2395 1117 2455 etiam
1149 2418 1163 2454 e

206 2499 357 2551 mentum
376 2489 507 2564 habent,
531 2488 617 2571 quod
638 2488 731 2548 nobis
760 2488 954 2555 documento
983 2499 1117 2572 possunt
1135 2512 1162 2554 ¹e

209 2584 414 2666 negligenter
443 2585 642 2643 Burmannus
675 2581 776 2641 varias
805 2583 959 2643 lectiones
989 2583 1136 2658 enotarit,

206 2677 341 2739 levitate
377 2700 428 2739 eas
460 2678 499 2738 ad
527 2677 719 2760 scripturam
754 2675 872 2738 horum
906 2676 1083 2738 carminum
1120 2701 1163 2741 en

207 2782 310 2855 atque
333 2771 585 2835 condensandum
607 2770 800 2831 adhibuerit.

699 2882 883 2900 ..ι-ιι.

628 2920 886 2987 EPISTOLA
917 2930 938 2987 1.

269 3020 310 3081 V.
336 3024 362 3087 1.
384 3021 510 3098 Dresd,
532 3019 664 3083 Helmst.
688 3021 799 3081 ulixes.
821 3022 882 3083 XX
904 3018 1031 3102 priores
1054 3043 1102 3081 vv.
1120 3043 1163 3082 co

203 3104 273 3187 legi
295 3125 358 3167 non
381 3113 522 3187 possunt.
543 3097 573 3165 4.
597 3105 693 3163 Trev.
715 3105 860 3186 troiaque
881 3115 959 3163 tota.
981 3103 1010 3165 5.
1026 3102 1162 3165 Guelf.1

203 3189 238 3249 8.
262 3187 371 3264 Trev,
394 3186 494 3247 Guelf
511 3193 541 3248 1.
564 3204 637 3246 non·
659 3182 689 3247 9·
710 3185 807 3245 Goth.
832 3184 858 3246 1.
881 3208 953 3246 non.
978 3185 1024 3246 11.
1043 3185 1163 3247 notu]

201 3273 298 3329 iora·
330 3268 377 3334 13.
401 3268 497 3331 Goth.
524 3268 551 3328 1.
580 3270 614 3327 in
642 3288 698 3326 me.
736 3262 783 3329 14.
806 3269 902 3328 Trev.
930 3270 1080 3328 lectorio.
1119 3269 1163 3329 15.

202 3351 290 3423 Ere,
318 3352 433 3414 Franc.
464 3352 645 3411 antilocum.
682 3346 728 3411 16.
756 3351 782 3412 ll
810 3349 919 3423 Goth,
947 3349 1026 3426 Eri,
1048 3351 1163 3410 Franc.

201 3432 343 3495 Helmst.
372 3434 504 3493 doloris·
546 3432 593 3494 17.
621 3433 849 3494 menaeiadem·
876 3432 1005 3507 Franc,
1034 3433 1109 3514 Arg.
1139 3456 1163 3493 m

206 3514 332 3585 11110.
362 3513 458 3578 Goth.
487 3514 517 3581 1.
553 3513 768 3599 teoptolomus,
805 3515 995 3602 teoptolomi·
1031 3515 1138 3594 Trea,
