2709 4675
164 226 227 298 XX

156 419 293 560 prior
314 442 380 514 cst
405 452 430 510 e
457 449 618 577 genere
625 416 819 532 critico,
842 416 1024 511 altera
1009 417 1213 578 pertinet
1240 418 1302 510 ad

162 558 311 671 verba,
335 583 382 653 et
412 559 685 672 orationem,
704 580 750 650 et
767 590 846 670 res,
860 591 977 680 quas
996 561 1304 681 antiquitates

161 697 410 832 appellant,
448 698 911 824 explicationemque
929 696 1208 790 fabularum

174 921 176 926 .
233 838 289 929 ln
317 839 625 936 annotatione
652 837 812 930 critica
841 834 977 930 illud·
995 837 1302 962 potissimum

161 977 370 1103 spectavi,
399 999 467 1091 ut
492 997 725 1099 quatenus
766 999 992 1102 receptam
1023 1011 1049 1068 a
1073 1009 1166 1067 'me
1191 976 1304 1069 scri-

160 1139 351 1242 pturam
377 1140 423 1209 et
453 1116 726 1209 auctoritate
750 1117 1040 1208 vetustorum
1062 1114 1301 1208 librorum

161 1278 208 1348 et
225 1252 405 1347 ratione
424 1255 697 1382 legibusque
718 1256 1042 1381 grammaticae
1058 1254 1304 1381 probabile

160 1418 272 1504 esset
297 1397 551 1522 genuinam
578 1428 668 1487 esse
692 1417 738 1487 et
757 1393 853 1484 ab
841 1428 938 1550 ipso
958 1417 1093 1520 poeta
1107 1395 1300 1508 editam,

162 1533 462 1627 ostenderem.
507 1536 686 1627 Verum
718 1543 828 1631 cum
876 1534 969 1626 iarn
1000 1534 1106 1692 plus
1144 1534 1302 1626 tribus

128 1663 131 1669 ¹
159 1658 350 1768 saeculis
370 1706 679 1834 unaquaeque
705 1674 796 1765 lere
826 1694 945 1765 aetas
973 1674 1095 1765 viros
1125 1672 1301 1763 habue-

161 1815 236 1926 rit,
271 1816 354 1937 qui
383 1818 435 1906 in
464 1814 538 1906 his
569 1813 860 1905 carminibus
885 1813 1189 1904 emendandis
1208 1812 1300 1902 el'a·

159 1955 401 2069 borarunt,
422 1977 531 2050 ante
559 1956 722 2044 omnia
748 1951 1040 2044 adhibendae
1065 1975 1196 2042 crant
1224 1985 1296 2043 co

137 2095 263 2221 -p'iac
279 2116 420 2216 atque
434 2125 595 2219 operae
613 2124 791 2206 corum,
812 2092 896 2215 qui
920 2125 995 2182 me
1016 2092 1066 2181 in
1086 2091 1174 2181 hoc
1191 2125 1300 2182 mu-

162 2264 271 2324 nere
297 2233 458 2324 cri'tico
487 2255 838 2325 antecesserunt.
877 2231 1024 2359 Igitur
1050 2231 1294 2354 quidquid

158 2372 526 2465 aretustissimis
557 2372 873 2498 Epistularum
907 2371 1167 2464 Heroidum
1199 2371 1299 2461 edi-

160 2513 340 2609 toribus
389 2511 628 2641 Naugerio‚
669 2509 874 2640 Micyllo,
921 2509 1130 2624 Ciofano‚
1178 2508 1300 2622 aliis,

160 2654 334 2765 omnia,
356 2684 474 2774 quae
495 2687 521 2743 a
540 2652 807 2744 doctissimo
837 2684 889 2741 ac
907 2649 1171 2741 felicissimo
1186 2649 1300 2741 Ovi-

160 2790 228 2883 dii
254 2793 548 2919 emendatore
570 2790 624 2883 N.
649 2791 842 2883 Heinsio
860 2813 905 2884 et
929 2791 987 2881 ab
1016 2790 1115 2901 eius
1138 2822 1300 2879 aemu-

160 2931 218 3042 le,
249 2962 348 3022 non
395 2931 574 3054 ubique
615 2929 736 3021 felici
782 2928 878 3043 illo,
918 2929 968 3023 P.
1007 2930 1298 3041 Burmann0‚

158 3069 394 3196 quidquid
423 3104 450 3161 a
474 3071 740 3162 recentioris
760 3069 854 3160 aevi
881 3069 1204 3196 grammaticis,
1225 3068 1301 3159 in-

157 3208 324 3367 primis
354 3244 379 3300 a
412 3210 634 3322 Werfem,
677 3207 1079 3322 Kui110eli0‚Van
1117 3208 1301 3298 Lenne-

157 3349 238 3477 pio
263 3369 308 3438 et
339 3347 511 3462 lahno,
527 3346 639 3439 vel
627 3381 679 3439 1n
699 3350 909 3506 prop1iis
936 3346 1110 3438 horum
1134 3348 1300 3437 carmi·

157 3519 279 3617 num
308 3489 597 3580 editionibus
620 3488 730 3579 vel
720 3520 769 3578 m
789 3486 1102 3614 singularibus
1125 3485 1302 3579 libellis

158 3604 204 3719 et
223 3626 335 3718 locis
357 3606 461 3719 aliis
492 3627 858 3755 quibuscunque
884 3650 966 3724 aut
993 3625 1302 3751 probabiliter

155 3767 472 3890 descriptura
510 3767 805 3925 disputatum
844 3789 926 3858 aut
958 3767 1014 3856 ad
1044 3767 1301 3856 emendan-

156 3908 274 3998 dum
310 3906 604 4034 propositum
644 3907 804 4032 reperi,
848 3929 1079 4029 tanquam
1116 3927 1301 4030 partem

156 4046 940 4169 commentariiquemintcnderam
952 4042 1175 4170 plenioris
1187 4043 1302 4169 ipsis

154 4186 435 4314 scriptorum
461 4186 610 4281 verbis
635 4185 688 4279 in
716 4184 840 4278 hanc
864 4184 1122 4279 editionem
1146 4184 1298 4312 recepi
