2709 4675
161 175 266 242 xxiv
324 135 332 144 ⁸

159 364 263 479 loci,
288 366 371 459 ubi
403 366 583 460 fabulae
601 368 761 461 leviter
782 353 1171 497 significanturac
1194 393 1295 464 tan-

148 509 409 599 'tummodo
437 511 838 636 perstringuntttr3
867 532 923 602 ut
949 542 1046 602 non
1072 512 1179 626 nisi,
1205 514 1292 634 qui

157 667 324 739 veteres
342 645 530 739 ‘fabulas
557 650 686 770 quasi
734 650 784 739 in
829 673 1075 743 numerato
1111 647 1293 765 habeat,

155 811 314 911 poetae
348 789 628 878 sententiam
671 788 815 912 possit
856 788 1092 915 attingere.
1137 791 1296 912 Atque

60 983 65 990 ι
158 925 228 1018 illi
268 958 458 1049 quoque
498 923 685 1017 lumine
719 927 991 1053 indigebant
1025 928 1296 1054 interpreta-

156 1066 313 1157 tionis.
337 1063 647 1192 Explicandae
686 1089 914 1191 praeterea
943 1090 988 1159 et
1022 1067 1129 1158 illae
1160 1068 1295 1161 labu-

157 1203 406 1316 lacerant,
443 1236 562 1327 quae
600 1206 652 1295 in
699 1205 967 1332 vulgaribus
1011 1205 1155 1342 libris,
1201 1211 1291 1329 qui

153 1348 211 1438 de
240 1345 314 1436 his
341 1343 477 1436 rebus
507 1367 697 1457 exstant,
731 1377 829 1436 non
859 1347 1174 1472 reperiuntur,
1203 1373 1294 1442 aut

25 1473 32 1487 ⁸
154 1516 253 1575 non
280 1486 388 1577 satis
417 1505 624 1574 accurate
660 1483 907 1608 explicatae
940 1508 1065 1577 sunt.
1096 1487 1312 1590 Accede„

107 1719 111 1726 ,
153 1623 245 1738 bat,
270 1624 397 1747 qu‘od
423 1621 600 1714 multae
632 1621 814 1715 fabulae
841 1658 867 1714 a
900 1625 1015 1717 meis
1046 1625 1097 1718 in
1125 1626 1293 1719 Heroi-

154 1763 293 1857 dibus
326 1763 517 1855 edendis
551 1763 922 1876 antecessoribus
966 1797 1172 1887 quorum
1213 1800 1292 1858 co-

151 1905 261 2030 pias,
273 1926 509 2025 quantum
521 1899 617 1996 fieri
630 1924 790 2028 posset,
804 1904 999 2030 integras
1019 1906 1070 1994 in
1091 1904 1175 1994 hac
1189 1907 1292 1997 edi-

69 2045 72 2050 ’
151 2045 281 2135 tione
308 2044 495 2133 reddere
520 2037 862 2168 proposueram,
885 2067 1019 2135 erant
1041 2044 1288 2169 expositae.

55 2183 61 2202 ‘
150 2182 402 2276 Accedebat
429 2182 634 2304 denique
658 2179 910 2274 consilium
945 2181 1065 2274 illud
1104 2207 1150 2276 et
1187 2208 1290 2277 stu·

21 2400 24 2411 .
148 2324 286 2416 dium
328 2320 655 2447 plenitudinis.
716 2321 801 2413 His
850 2321 996 2449 igitur
1052 2324 1292 2419 adductus

134 2462 316 2554 caussis
329 2485 373 2551 et
384 2461 628 2587 respiciens
647 2461 803 2574 etiam,
825 2494 916 2584 qua
932 2463 1297 2557 destatimdice·

149 2625 243 2715 tur,
282 2601 512 2695 rationem
545 2601 792 2694 iuniorum
827 2598 1069 2717 lectorum,
1095 2601 1295 2723 fabulas,

148 2773 268 2865 quae
294 2742 346 2831 in
365 2740 440 2833 his
470 2740 759 2834 carminibus
782 2762 1057 2865 tanguntur,
1086 2741 1298 2839 breviter

53 2956 61 2966 ,
148 2914 373 3009 exponere
390 2879 627 2975 constitui.
655 2880 721 2971 Ae
737 2879 885 2973 fontes
904 2912 1093 3004 quoque
1111 2880 1297 2976 sabula·

148 3056 258 3142 rum
272 3019 861 3151 veterumquescriptortrm
877 3018 998 3111 locos
1006 3019 1301 3146 plerumque

148 3161 380 3285 adscripsi,
398 3183 506 3251 tum
524 3156 806 3255 constantiae
822 3190 987 3272 caussa,
1009 3181 1065 3254 ut
1079 3193 1198 3283 quae
1206 3195 1301 3257 an-

150 3323 374 3411 notarem,
398 3321 635 3421 quantum
650 3328 841 3423 possem,
862 3299 1135 3395 auctoritate
1156 3334 1301 3427 argu-

151 3440 415 3560 mentisque
429 3439 665 3531 vetustatis
677 3436 934 3567 probarem,
948 3460 1109 3537 tumet
1126 3443 1301 3569 magis,

151 3602 208 3672 ut
238 3611 300 3670 ne
327 3578 594 3705 diligentiae
618 3609 795 3689 eorum,
814 3577 897 3697 qui
926 3611 1028 3675 eam
1042 3582 1301 3678 materiem

149 3719 348 3845 ulterius
363 3718 574 3843 persequi
593 3712 1303 3843 vellentreiquefidemetaccu-

152 3859 369 3951 ratiorem
382 3856 603 3948 notitiam
619 3877 892 3980 expeterent,
908 3872 1093 3981 prorsus
1108 3860 1306 3978 deesset,

149 4032 247 4122 quo
285 4020 470 4124 possent
500 4027 740 4087 recurrere.
777 3989 936 4118 Neque
970 4019 1126 4091 tamen
1161 3998 1304 4101 illud

152 4137 279 4231 volui
303 4170 455 4261 neque
474 4135 684 4263 spectavi,
706 4157 767 4231 ,ut
789 4167 949 4229 omnes
977 4137 1156 4260 ubique
1170 4164 1308 4235 vete
