2709 4675
409 654 822 750 Parasino.
861 579 1037 862 W}

697 877 704 894 ·
854 845 1045 996 tantu

62 901 122 1068 ln
154 976 430 1069 adornanda
454 1007 582 1067 nova
603 975 690 1066 hac
721 975 930 1070 editione
957 975 1007 1067 Ρ.
1027 967 1190 1069 Ovidii

60 1115 236 1210 Nasonis
252 1117 518 1209 Heroidum
532 1117 830 1244 propositum
853 1115 976 1208 mihi
1007 1116 1113 1230 luit,
1137 1141 1195 1209 ut

60 1257 201 1380 paullo
220 1258 500 1386 pleniorem,
516 1291 663 1382 quam
680 1287 801 1382 quae
813 1256 971 1350 adhuc
984 1256 1195 1385 vulgatae

60 1423 199 1513 cuent,
220 1402 399 1492 horum
420 1399 690 1491 carminum
717 1399 979 1491 editionem
998 1395 1193 1491 confice

63 1572 164 1647 renr;
194 1574 318 1666 quae
340 1563 520 1668 praeter
544 1563 741 1654 textum,
768 1573 913 1662 quem
949 1562 1130 1652 vocant,
1168 1575 1194 1629 e

62 1704 253 1774 veterum
292 1681 527 1773 librorum
565 1678 659 1773 fide
690 1704 740 1775 et
773 1681 1193 1809 grammaticorum

61 1823 437 1940 annotationibus
473 1824 768 1951 recognitum
808 1846 952 1946 atque
980 1823 1195 1917 emenda-

62 1983 151 2052 tum
169 1997 346 2072 ornnes,
366 1996 486 2087 quae
500 1964 696 2087 quidem
720 1963 769 2068 in
786 1986 1013 2091 promptu
1033 1986 1192 2075 essent,

62 2104 274 2200 variantes
308 2103 532 2222 lectiones
566 2106 785 2197 codicum
818 2138 967 2197 manu
997 2127 1197 2196 exarato-

62 2273 170 2359 rum,
198 2267 245 2340 et
273 2246 635 2343 commentarios
666 2247 964 2370 omninoque
999 2279 1194 2339 omnem

60 2411 323 2510 apparatum
358 2390 744 2519 grammaticum,
787 2389 846 2479 ad
893 2411 1122 2514 receptam
1168 2381 1199 2478 a¹

62 2555 126 2615 nte
155 2531 436 2657 scripturam
474 2531 702 2623 tuendam
740 2553 786 2625 et
823 2528 934 2621 haec
958 2529 1196 2656 elegantis
1293 2540 1297 2551 l

63 2666 164 2758 sima
198 2704 251 2761 ac
287 2669 570 2763 difficillima
606 2671 817 2797 carmina
845 2671 1108 2763 accuratius
1126 2669 1196 2760 in-

64 2804 296 2936 telligenda
331 2812 655 2926 necessarium,
694 2810 1090 2939 complecteretur.

122 2951 215 3044 lam
253 2953 384 3078 quod
417 2954 478 3045 ad
517 2954 898 3047 emendationem
941 2949 1198 3078 scripturae

65 3091 228 3206 attinet,
249 3127 369 3218 quae
387 3095 530 3187 etiam
560 3118 665 3221 post
695 3127 866 3187 novam
902 3091 1034 3187 illam
1062 3094 1195 3217 quasi

65 3253 256 3349 aetatem,
286 3268 434 3361 quam
476 3234 639 3328 Ovidii
685 3236 957 3328 carminum
998 3234 1200 3328 adduxit

69 3366 297 3499 ingenium
332 3399 479 3501 atque
513 3375 730 3471 doctrina
762 3375 820 3467 N.
853 3374 1059 3489 Heinsii,
1093 3396 1200 3505 post

67 3513 321 3609 utilissimas
356 3550 488 3612 curas
513 3517 563 3610 Ρ.
589 3517 854 3619 Burmanni
877 3519 1050 3643 patrui,
1076 3512 1201 3608 Get

70 3648 129 3742 Fr.
142 3656 430 3786 Heusingeri,
450 3657 501 3752 C.
523 3655 584 3754 G.
603 3656 978 3771 Mitscherlichii,
996 3658 1053 3748 Χ.
1068 3656 1200 3747 Wer-

72 3790 216 3907 leri‚D.
226 3802 260 3892 l.
270 3800 374 3891 Van
394 3792 590 3928 lennep
604 3797 912 3923 aliorumque
936 3799 1097 3889 critica
1114 3829 1201 3923 ope

72 3932 182 4029 valde
200 3940 451 4067 indigebat,
474 3943 709 4070 insignem
727 3939 917 4032 laudem
932 3941 1097 4065 adepta
1120 3959 1199 4049 est,

70 4102 171 4192 qnae
196 4104 305 4174 ante
342 4082 475 4174 laune
506 4114 694 4176 annum
738 4083 790 4173 in
830 4080 983 4171 lucem
1018 4078 1201 4205 prodiit
1324 4114 1328 4135 ·

72 4223 273 4315 orantum
308 4222 470 4319 Ovidii
503 4258 701 4351 operum
730 4222 877 4315 editio
904 4225 936 4314 l.
967 4218 1017 4312 C.
1046 4218 1197 4335 lalani‚
1283 4344 1285 4348 Α

442 4480 528 4531 ‘il
557 4476 631 4513 ΜΝ
