2709 4675
333 13 691 87 Calendis
741 16 1142 118 Aprilibus
1191 17 1433 92 forma
1484 2 1808 92 maxima
1857 18 2059 92 edita
2108 30 2219 91 est.
2260 19 2405 92 Non
2448 20 2530 94 di·

277 135 468 228 ·stat
538 123 632 195 ab
712 125 859 214 illa,
934 129 1079 200 nisi
1142 127 1354 229 quod
1419 129 1598 202 vitia
1658 128 1951 229 aliquot
2022 126 2388 218 emendata,
2434 129 2533 203 sed

323 230 549 330 plura
599 233 823 306 etiam
874 233 1194 311 admissa
1245 251 1440 311 sunt.
1537 238 1625 311 In
1690 237 2074 311 nonnullis
2137 237 2291 310 locis
2336 253 2535 313 tamen

320 338 577 414 Sabini
629 344 1006 444 Epistolae
1055 345 1563 421 emendatoris
1611 373 1928 448 manum
1959 360 2275 448 expertae
2308 363 2375 422 et
2402 376 2539 423 con·

323 450 632 525 iecturis
681 468 1007 528 mutatae
1057 470 1252 530 sunt.
1305 458 1515 531 Inter
1562 457 1760 546 edd„
1832 484 2023 559 quae
2093 455 2405 559 deinceps
2461 485 2541 531 se·

323 573 542 634 cutae
589 576 786 652 sunt,
837 558 1171 666 primum
1222 594 1266 640 a
1314 567 1600 669 vulgari
1662 581 1872 648 textu
1939 565 2242 641 discedit
2295 568 2541 656 Aldina,

329 696 523 770 quae
589 673 680 748 V
669 680 943 748 enetiis
988 680 1069 751 in
1120 677 1437 772 aedibus
1488 678 1674 752 Aldi
1722 685 1937 757 1502.
1993 678 2070 749 in
2116 685 2181 755 8.
2246 676 2546 778 impressa

324 795 455 855 est.
507 783 699 857 Nam
745 810 902 859 non
952 785 1200 859 solum
1251 787 1430 859 vitia
1478 786 2012 889 typographica
2078 785 2405 887 pleraque
2462 814 2549 858 re-

322 906 547 982 mota,
599 894 734 969 sed
783 897 1006 969 etiam
1068 896 1376 995 plurimi
1447 896 1591 970 loci
1654 894 2092 970 felicissimis
2166 897 2556 969 coniecturis

322 1002 697 1078 emendati
749 1017 944 1080 sunt.
997 1005 1444 1079 Accuratior
1492 1008 1714 1080 etiam
1764 1019 1872 1080 est
1921 1003 2191 1078 Aldina
2248 1005 2334 1079 ll.
2394 1010 2437 1101 (
2439 1006 2512 1082 V
2504 1032 2561 1078 e·
2609 982 2610 1053 l

321 1116 551 1186 netiis
601 1119 684 1187 in
738 1116 1055 1190 aedibus
1105 1118 1292 1190 Aldi
1339 1133 1417 1191 et
1466 1119 1827 1192 Andreae
1874 1117 2139 1190 Soceri
2182 1123 2379 1194 1515.
2447 1121 2562 1212 8.)‚

323 1221 402 1293 in
471 1248 621 1323 qua
685 1224 1097 1325 Naugerius
1160 1226 1384 1327 plura
1451 1225 1877 1300 emendavit
1946 1238 2018 1298 et
2085 1227 2160 1298 in
2208 1227 2450 1326 paucis
2491 1225 2572 1299 ad

323 1329 746 1407 editionum
797 1335 1036 1408 Venn.
1092 1349 1386 1409 textum
1434 1329 1677 1408 rediit.
1766 1333 2203 1410 Secundum
2259 1336 2575 1439 Naugerii

319 1446 835 1521 recensionem
908 1449 1131 1519 etiam
1206 1445 1400 1519 facta
1489 1460 1599 1519 est
1675 1442 1940 1518 Aldina
2012 1444 2139 1517 ΙΙΙ.
2220 1447 2582 1541 (Venetiis

317 1562 533 1634 1533.
587 1559 706 1653 8.),
761 1582 972 1655 quac,
1024 1569 1321 1656 praeter
1372 1556 1582 1658 quod
1632 1558 1864 1658 Epist.
1921 1555 2012 1643 11,
2079 1564 2195 1634 81.
2250 1560 2422 1656 piae
2466 1582 2589 1658 pro

317 1669 446 1766 pie
494 1667 860 1767 scriptum
910 1679 1038 1753 est,
1092 1693 1246 1739 non
1296 1669 1437 1740 nisi
1490 1663 2070 1766 interpungendi
2135 1666 2355 1765 signis
2406 1693 2452 1737 a
2499 1691 2591 1738 se·

320 1772 572 1846 cunda
625 1774 894 1846 differt.
949 1776 1406 1874 Naugerium
1454 1777 1684 1850 secuti
1740 1788 1916 1848 sunt
1954 1799 2220 1856 ‚omnes
2287 1773 2595 1850 editores

315 1907 558 1983 usque
609 1882 705 1956 ad
753 1884 839 1955 N.
894 1885 1304 1973 Heinsium‚
1365 1887 1504 1958 nisi
1562 1884 1769 1986 quod
1803 1884 2161 1984 Micyllus
2189 1910 2434 1984 pauca
2486 1911 2599 1959 no-

314 1993 519 2063 vavit
567 2005 639 2064 et
689 1996 1192 2067 Bersmannus
1263 1996 1735 2068 coniecturas
1800 1993 2205 2066 nonnullas
2277 1994 2359 2066 in
2423 2022 2610 2068 mar-¹

312 2103 482 2203 gine
533 2104 802 2203 posuit.
857 2104 1136 2175 Heinsii
1191 2118 1426 2176 aetate
1468 2102 1871 2176 Swarthius
1924 2118 1997 2175 et
2061 2105 2327 2176 Douza
2387 2117 2611 2178 teme-¹

315 2215 533 2286 ritate
584 2227 657 2285 et
706 2241 912 2286 mera
959 2213 1430 2287 coniectandi
1486 2213 1800 2287 libidine
1855 2214 1932 2285 in
1983 2211 2354 2286 Sabinum
2432 2240 2611 2314 gras-

317 2325 451 2397 sati
503 2338 700 2412 sunt,
755 2324 908 2426 qui,
961 2338 1257 2426 praeter
1308 2323 1521 2425 quod
1572 2321 2082 2397 audacissimis
2133 2325 2611 2399 correctioni

317 2433 461 2507 bus
542 2436 1149 2509 coniecturarum
1215 2460 1622 2507 numerum
1690 2446 2085 2515 auxerunt,
2154 2432 2492 2507 nullum
2562 2436 2611 2506 ir

313 2556 612 2645 poetam
664 2545 1023 2616 meritum
1074 2542 1370 2617 habent.
1426 2544 1700 2617 Melius
1752 2570 1915 2615 rem
1965 2543 2112 2642 egit
2137 2542 2229 2615 N.
2252 2543 2611 2616 Heinsius

316 2656 448 2755 qui
532 2654 752 2754 plura
821 2655 1104 2755 egregie
1171 2653 1616 2727 emendavit.
1709 2652 1862 2726 Sed
1928 2652 2354 2726 aberravit.
2397 2655 2490 2726 in
2545 2674 2611 2724 ec

318 2762 530 2864 quod
579 2762 837 2850 multa,
878 2789 1083 2863 'quae
1134 2788 1309 2835 sana
1339 2776 1593 2852 erant,
1648 2764 1984 2849 mutavit,
2018 2761 2165 2833 alia
2218 2776 2510 2835 autem
2561 2762 2611 2831 h

316 2872 535 2947 vibus
588 2870 1238 2945 emendationibus
1273 2873 1599 2945 sananda
1644 2871 2004 2945 audacter
2046 2873 2434 2944 correxit.
2475 2873 2611 2944 Gra

309 2983 504 3056 viter
552 2997 803 3056 autem
853 2981 1393 3083 vituperandus
1445 2996 1573 3070 est,
1644 2980 1854 3083 quod
1922 2980 2313 3055 editiones
2409 2982 2611 3056 Ven]

360 3158 426 3239 ³¹)
472 3160 606 3217 lmo
650 3158 932 3239 repetita
977 3155 1237 3217 videtur
1283 3176 1359 3216 ex
1404 3147 1503 3214 ed.
1558 3154 1722 3215 Ven.
1769 3149 1972 3229 1489„
2032 3154 2227 3214 cuius
2301 3152 2380 3213 iu
2433 3151 2611 3213 bibli

485 3238 676 3299 theca
737 3238 913 3300 acad.
975 3238 1270 3300 Heidelb.
1327 3243 1616 3297 servatae
1678 3234 2093 3296 collationem
2154 3234 2611 3295 accuratiori

389 3383 392 3390 ,
483 3330 841 3403 propterea
887 3318 1208 3398 desidero,
1252 3317 1430 3403 quod
1473 3317 1631 3378 mihi
1676 3318 1952 3399 suspicio
1995 3326 2111 3391 est,
2160 3338 2333 3377 eam
2368 3336 2531 3375 non
2570 3323 2611 3371 ta

483 3423 559 3463 ex
617 3402 716 3463 ed.
773 3405 937 3467 Ven.
1006 3399 1206 3481 1486„
1314 3422 1460 3461 uam
1529 3421 1563 3461 e
1619 3399 1844 3459 codice
1902 3419 2015 3457 ms,
2062 3418 2495 3480 expressam
2544 3414 2611 3455 es

482 3481 557 3543 ld
601 3484 772 3546 enim
819 3484 1159 3566 probabile
1206 3506 1275 3545 re
1326 3481 1491 3541 dunt
1549 3481 1762 3542 variae
1823 3479 2134 3540 lectiones
2210 3490 2295 3540 et
2366 3496 2611 3538 emen«

481 3566 690 3625 tiones
735 3564 837 3626 ed.
883 3568 1046 3630 Ven.
1092 3563 1269 3632 1492.
1316 3561 1486 3623 haud
1529 3584 1677 3623 raro
1735 3563 1823 3622 ita
1880 3570 2365 3643 comparatae,
2434 3566 2531 3619 ut
2582 3576 2611 3616 ιτ

489 3645 726 3709 editori
770 3655 837 3710 et
880 3646 1259 3732 typothetae
1303 3643 1532 3707 deberi
1576 3642 1934 3708 videantur.
