2709 4675
156 185 287 247 LXVIII
492 179 928 248 PROOEMIUM.

156 317 356 391 suetudine
389 330 519 419 atque,
558 331 600 390 nt
635 319 719 430 ipse'
744 317 791 390 de
822 343 874 418 se,
893 329 1066 407 testatur,
1104 318 1290 417 temporis

37 529 43 540 Ι
158 439 406 514 consumendi
434 465 562 532 caussa
586 440 714 534 (Trist.
741 440 786 529 V,
814 466 847 541 7,
873 441 933 537 39.
966 439 1023 538 59.
1050 451 1087 512 et
1111 446 1224 540 sqq.),
1251 454 1291 512 et

154 587 233 634 non
257 563 330 662 deo
352 563 417 634 illo
442 566 614 660 agitante
634 561 883 634 inflammatus
899 563 1130 663 conscripsit.
1147 563 1292 664 Aliqua
1348 641 1349 644 ,

154 681 268 754 huius
295 684 348 755 rei
375 708 504 760 caussa
527 684 639 756 etiam
664 683 880 785 quaerenda
904 683 1056 761 videtur
1088 685 1128 756 in
1157 685 1291 758 simili·
1322 737 1329 762 t

153 805 287 880 tudine
313 806 521 907 argumenti
547 819 584 878 et
607 806 783 878 materiae
808 807 1010 880 sterilitate.
1036 805 1168 906 Neque
1192 834 1291 881 vero

154 927 202 1000 in·
221 939 385 1028 utroque
411 924 508 1000 libro
536 926 640 1000 nulla
665 929 919 1027 reperiuntur,
933 955 1029 1030 quae
1054 925 1104 1000 ad
1131 926 1291 1005 laudem

153 1061 267 1149 atque
292 1047 510 1149 elegantiam
534 1050 736 1124 meliorum
767 1052 847 1124 eius
881 1052 1093 1124 carminum
1124 1049 1293 1125 feliciter

153 1172 355 1243 enitantur.
385 1170 389 1177 “
1026 1154 1028 1158 ‚

226 1293 409 1386 Eandem,
437 1321 552 1398 quam
578 1295 681 1385 Iahn,
704 1297 847 1370 scilicet
872 1296 1019 1372 diverso
1046 1293 1162 1369 editas
1194 1296 1295 1396 Epi·
1348 1367 1349 1372 ,

124 1416 264 1523 ‘stolas
288 1430 458 1516 tempore
484 1445 574 1508 esse,
599 1421 814 1521 opinionem
849 1418 1042 1519 amplexus
1074 1431 1129 1490 est
1162 1417 1201 1488 in
1243 1418 1293 1488 li·

150 1536 252 1611 hello
284 1537 437 1613 laudato
473 1540 636 1630 Werler,
678 1543 744 1642 qui
776 1544 815 1615 in
848 1541 919 1615 hoc
952 1554 1077 1613 tamen
1109 1568 1128 1611 a
1162 1536 1295 1613 lahno.

151 1656 332 1749 dissentit,
359 1675 412 1753 ut,
439 1688 516 1763 quo
543 1651 711 1764 tempore
736 1678 844 1764 poeta
868 1690 933 1737 seu
954 1664 1180 1764 posteriores
1203 1660 1292 1735 edi·
1348 1737 1349 1742 ,

151 1780 262 1873 derit,
288 1785 401 1857 etiam
426 1784 645 1886 quindecim
671 1786 752 1859 illas
776 1788 920 1886 priores
944 1797 1079 1857 statuat
1103 1797 1292 1858 retracta-

149 1917 205 1979 tas
231 1919 344 2007 atque
370 1908 575 2008 recognitas
600 1904 767 1979 secunda
792 1904 955 1978 editione
979 1905 1157 2006 vulgasse.
1204 1906 1292 1981 Sed

149 2030 243 2104 haee
268 2032 450 2103 sententia
476 2028 524 2103 de
548 2028 715 2102 secunda
741 2028 902 2101 editione
926 2054 1079 2129 prorsus
1105 2042 1208 2100 caret
1228 2043 1292 2103 te-

17 2201 19 2214 ‹
150 2154 326 2227 stimonio
350 2153 542 2225 vetustatis
568 2165 605 2224 et
628 2149 902 2252 probabilitate.
949 2150 1060 2245 Quae
1081 2162 1207 2222 autem
1234 2177 1290 2224 ex
1348 2145 1349 2220 J

149 2276 237 2376 ipsis
263 2273 492 2350 carminibus
517 2275 672 2377 repetita
699 2274 738 2346 in
762 2299 844 2346 eam
868 2299 950 2345 rem
982 2271 1116 2360 attulit,
1154 2284 1290 2348 tantae

148 2397 329 2498 pleraque
354 2410 442 2470 sunt
468 2397 637 2485 levitatis,
664 2409 741 2469 tam
765 2394 869 2495 parvi
912 2406 977 2466 aut
1013 2393 1157 2467 nullius
1190 2412 1291 2471 sunt

146 2520 340 2606 momenti,
368 2533 411 2591 ut
435 2546 476 2592 ea
503 2517 575 2593 hoc
600 2518 684 2592 loco
710 2515 851 2592 referre
876 2541 919 2588 ac
943 2514 1115 2589 refellere
1140 2541 1289 2615 operae

147 2640 313 2740 pretium
337 2665 415 2714 non
439 2654 580 2741 putem.
1348 2724 1349 2733 χ

220 2762 301 2847 Iam
325 2789 511 2837 summam
537 2742 648 2835 liuius
674 2763 803 2861 capitis
831 2760 926 2835 hanc
965 2789 1044 2835 esse
1081 2761 1288 2837 volumus:
1348 2804 1349 2807 ¹

146 2882 212 2961 has
238 2884 422 2986 Epistolas
449 2885 661 2959 Heroidum
684 2888 812 2960 omnes
838 2914 860 2959 a
886 2886 1031 2959 Nasone
1057 2886 1212 2985 scriptas
1245 2901 1290 2958 et

146 3005 281 3080 eodem
321 3033 450 3081 omnes
489 3007 602 3080 simul
642 3021 809 3110 tempore
840 3007 1005 3108 vulgatas
1046 3032 1134 3094 esse,
1174 3021 1288 3081 certe

25 3183 28 3190 -
147 3122 355 3204 contrariae
380 3131 582 3204 sententiae
607 3130 713 3202 nulla
738 3130 1287 3230 idoneaexstareargumenta.

519 3311 781 3387 CAPUT
832 3312 906 3387 lv.

208 3471 615 3575 EpistolaeHeroidum
630 3474 669 3546 in
685 3472 1005 3573 praestantissimis
1020 3467 1288 3543 numerandae

147 3608 236 3668 sunt
262 3594 388 3669 Ovidii
415 3595 656 3669 carminibus.
684 3596 712 3668 I.
739 3595 784 3669 (Σ.
805 3595 969 3697 Scaliger
984 3598 1097 3687 (Poet.
1111 3593 1173 3666 VI.
1195 3620 1228 3665 c.
1246 3622 1285 3696 7.

143 3743 181 3817 p.
209 3720 319 3818 789),
345 3717 570 3818 „Epistulae
608 3720 742 3819 inquit,
769 3720 940 3811 omnium
969 3717 1068 3790 illius
1087 3714 1288 3805 librorum

144 3836 432 3938 politissimae;“
477 3840 598 3940 Rapin
631 3840 842 3940 Comparat.
874 3841 1027 3914 Homeri
1059 3852 1097 3910 et
1128 3838 1286 3937 Virgilii

143 3960 247 4062 apud
272 3962 429 4036 Palmer.
456 3988 492 4063 p.
526 3963 615 4059 193„
641 3963 763 4062 „Ego,
788 3963 923 4063 inquit,
950 3960 1161 4036 Heroidum
1186 3962 1289 4062 Epi-

56 4124 64 4141 κ
144 4082 255 4157 stolas
280 4084 467 4186 appellare
508 4085 608 4161 soleo
640 4082 773 4157 florem
807 4084 1006 4186 elegantiae
1042 4088 1233 4180 Romanae
1244 4097 1287 4176 ;“

142 4196 307 4293 Msrhof.
337 4204 513 4307 Polyhist.
542 4207 786 4281 'r.1.L.11.
815 4234 846 4282 c.
879 4210 934 4283 10.
965 4204 1162 4308 „Quodsi
1189 4208 1286 4309 quis
