2709 4675
939 274 941 277 -
1067 232 1257 344 rxvttffi

54 461 245 553 nemque
264 430 566 543 continuant,
591 465 641 524 ea
673 433 795 525 ratio
833 431 1109 548 iunioribus
1126 423 1193 522 le.
1211 511 1225 558 ἵ.
1336 437 1337 440 ‘

56 572 247 663 duribus
280 604 475 698 magnae
494 572 719 692 utilitatis
739 575 830 665 erit
852 606 939 664 nec
963 571 1187 665 eruditie

55 711 168 805 ribus
188 713 467 825 iniucunda,
489 746 644 835 quum
668 714 911 807 veritatem
936 714 1110 806 sensim
1132 746 1186 803 ae
1256 778 1258 786 ·

53 855 265 976 gradatim
300 887 384 980 per
425 854 758 969 dubitationes,
796 855 1190 990 suspiciones'ea·

54 1026 243 1117 rumque
268 993 571 1088 refutationes
589 996 783 1090 eluctari
806 1020 948 1121 atque
961 1026 1189 1121 emergere

52 1136 339 1261 mnspieient.
377 1135 470 1240 Nee
502 1138 676 1239 desunt
703 1137 850 1232 huius
881 1119 1059 1265 generis
1094 1134 1188 1226 edi-

52 1273 231 1369 tionum
249 1299 296 1368 et
326 1277 426 1369 eius
454 1278 652 1370 rationis
676 1278 830 1396 multa
866 1302 913 1371 et
939 1276 1189 1404 conspicua

49 1417 256 1544 exempla,
285 1450 406 1540 quae
431 1416 604 1533 afferre,
627 1442 684 1511 ut
712 1453 779 1512 res
793 1420 1072 1531 notissimas,
1088 1448 1188 1508 non

49 1580 105 1648 est
119 1591 306 1651 neeesse.
330 1557 550 1684 Ceterum
569 1562 797 1685 quamvis,
819 1584 876 1653 ut
889 1560 1092 1684 quisque
1106 1577 1215 1649 sua·

50 1717 223 1816 teneret,
260 1698 427 1791 alienis
457 1701 853 1795 annotationibus
881 1725 927 1792 et
959 1696 1191 1829 symbolis

50 1843 237 1931 nomina
260 1841 545 1966 scriptorum
568 1825 800 1966 addidisse
815 1876 892 1933 me
906 1874 1046 1968 supra
1069 1840 1191 1932 dixe
1217 1953 1219 1956 Ι

49 1978 149 2086 rim3
173 2013 273 2072 non
307 2004 464 2072 tamen
483 1981 1022 2114 itasuperstitioselaudi
1049 1966 1191 2104 atque

49 2118 243 2214 inventis
287 2120 492 2214 aliorum
526 2123 898 2216 inserviendum
916 2120 1092 2249 putavi,
1134 2141 1191 2211 ut

48 2263 382 2387 nonquaedam
399 2263 639 2357 brevitatis
666 2298 819 2356 caussa
846 2264 963 2356 meis
989 2263 1191 2355 inserue-

48 2405 145 2516 rim,
158 2406 232 2496 uti
251 2437 336 2494 nee
351 2428 447 2496 tam
458 2404 621 2497 sedulo
635 2427 841 2527 atqueeu
849 2405 966 2497 riose
977 2402 1192 2532 propriae

48 2542 286 2666 gloriolae
275 2566 488 2638 intentus
507 2547 595 2658 fui,
613 2568 788 2637 utnon
810 2580 911 2637 mea
902 2579 1062 2704 saepe
1077 2543 1192 2635 alie

50 2716 148 2779 rum
177 2702 353 2813 operae
373 2688 493 2809 quin
518 2689 679 2779 eadem
708 2720 811 2778 meo
827 2687 1017 2778 nomint
1008 2685 1191 2778 vindi·

50 2827 199 2940 carim,
231 2828 567 2952 adscripserim.
604 2800 757 2920 Semel
802 2828 907 2919 dico
942 2825 1195 2964 palamque

47 2965 272 3088 profiteor,
296 3001 384 3080 rue,
401 2968 642 3091 quidquid
665 2968 883 3091 unquam
901 2968 1191 3088 ubicunque,

49 3111 167 3226 quod
180 3112 241 3200 ad
263 3140 426 3200 meum
450 3110 731 3201 institutum.
748 3108 951 3221 alieuius
970 3106 1208 3198 utilitatis*

49 3278 127 3339 ease
139 3251 389 3362 videretur,
407 3250 669 3375 repererim,
683 3234 932 3376 diligenter
944 3247 1195 3340 collectum

52 3385 95 3478 in
121 3424 262 3509 usum
286 3423 447 3483 meum
470 3391 756 3504 convertisse,
778 3413 824 3482 et
841 3412 897 3482 ut
917 3389 1120 3514 quisque
1138 3390 1196 3475 de

52 3523 114 3620 his
146 3532 439 3623 carminibus
468 3529 754 3655 qrraeunque
785 3565 839 3623 ex
866 3552 997 3656 parte
1016 3527 1197 3655 optime

51 3673 277 3785 meruerit,
296 3674 360 3793 ita
383 3671 653 3798 plurimum
675 3706 788 3764 eum
816 3671 939 3762 mihi
957 3668 1197 3761 contribu-

54 3807 125 3901 isse
158 3816 215 3906 ad
253 3813 512 3913 editionem
560 3815 698 3905 istam
738 3809 1096 3905 conficiendam.
1152 3930 1155 3932 ‚
1264 3804 1271 3819 ³

112 3951 279 4047 Unum
299 3977 459 4066 'restae
496 3957 625 4077 quod
664 3956 857 4047 denota
883 3953 970 4044 hae
1001 3975 1222 4077 anneta-¹

54 4088 174 4185 tione
214 4098 538 4228 grammatica
572 4151 634 4166 -
664 4095 1010 4223 perspicuitatis
1054 4093 1199 4219 gratia

57 4232 281 4363 vulgarem
322 4236 549 4362 loquendi
589 4236 983 4331 consuetudinem
1019 4266 1198 4356 sequor,
