2709 4675
351 219 636 294 amanam
662 222 934 317 aeacum.
1150 178 1221 303 iss

64 366 254 466 Aucupor
278 363 408 440 infelix
433 366 596 439 incertae
616 392 814 439 murmura
837 367 969 457 famae,

116 478 268 576 Speque
295 475 410 547 timor
436 473 552 548 dulia
577 502 736 577 spesque
761 477 895 550 timore
922 477 1032 551 cadit.

756 620 766 657 l

67 673 247 737 ridiculum
264 671 444 747 foret‚satis
456 670 631 747 declarent,
671 699 734 735 νων.
768 644 831 731 ¹Sed
862 695 902 731 an
923 673 1028 754 proha
1048 670 1223 735 sit'leetio:

66 778 155 838 quoe
179 763 445 837 praecesserunt,
465 759 548 818 Inter
568 778 632 817 rw
672 768 701 817 et
735 778 834 818 esnros
859 769 945 818 lerna
987 781 1020 819 er
1049 780 1103 819 orn
1125 780 1225 834 canen

63 853 182 921 perita,
213 862 310 920 npros,
337 841 445 912 leones,
479 835 534 918 qui
581 835 631 894 ui·
672 852 737 894 non
769 835 886 894 iniuria
914 781 1090 895 dnlsitntnr.
1115 843 1225 903 [sum

67 920 147 980 dem
175 917 301 978 numeri
323 917 462 998 plurales
479 925 513 976 et
531 856 630 978 iidem
671 914 804 999 quidem
824 918 916 978 multi
938 917 1103 978 lleiosiani
1130 918 1224 979 codd.

67 1002 113 1061 de
136 1021 204 1060 uno
226 997 397 1059 dictisunt.
406 996 503 1075 Quod
522 1007 630 1058 antem
670 1007 704 1059 et
725 997 796 1059 Vat.
816 1006 849 1057 et
870 998 934 1058 mci
951 999 1099 1082 plerique
1127 1008 1224 1060 tuen-

66 1079 236 1143 Sehrader
255 1079 382 1154 obiicit,
405 1080 545 1141 votiset
570 1101 631 1161 pe-
671 1087 738 1156 tur,
768 1077 824 1139 ned
859 1078 938 1141 illud
972 1095 1058 1146 terno
1086 1107 1139 1166 per
1169 1107 1224 1147 ora

67 1162 191 1224 endum
209 1161 296 1222 libris
311 1159 476 1221 ridiculea
492 1162 628 1223 muliere
669 1184 739 1222 com
768 1161 884 1222 ositum
917 1170 965 1223 est
995 1184 1012 1224 e
1051 1163 1154 1224 Vatic.
1190 1170 1225 1224 et

69 1244 253 1326 interponi,
279 1268 311 1307 se
337 1247 443 1309 iactari
471 1248 548 1308 inter
566 1269 631 1308 sen
669 1183 776 1304 Guell'.
796 1268 862 1325 per
883 1269 948 1308 ora
969 1252 1003 1305 et
1028 1243 1100 1304 Put.
1131 1246 1226 1304 lecti-

60 1341 169 1411 penm
192 1340 258 1403 em,
280 1332 402 1399 metuo,
413 1345 454 1385 ne
468 1326 535 1406 ipse
549 1324 630 1385 hoec
671 1345 734 1385 one
755 1338 865 1389 terna
882 1350 936 1420 per
949 1324 1224 1403 osso.Qunrolalan

69 1405 275 1468 contendens
305 1404 441 1466 ridicule
470 1406 568 1467 faciat
598 1413 632 1466 et
671 1406 806 1467 fortasse
829 1415 927 1466 tutius
957 1406 1121 1468 revocavit
1148 1407 1225 1467 reli-

69 1489 197 1549 nodum
219 1488 252 1547 in
275 1486 382 1569 scirpo
405 1508 563 1570 quaerere
582 1487 632 1548 vi·
671 1508 810 1570 quornm
831 1488 989 1549 librorum
1012 1497 1045 1550 et
1067 1489 1226 1573 vulgatam

68 1570 206 1640 deatnr3
230 1589 312 1651 quae
335 1569 422 1627 enim
452 1569 631 1629 sententia·
670 1570 861 1630 lectionem:
894 1586 922 1634 et
959 1578 1100 1636 haesuros
1136 1595 1225 1635 cerm

67 1673 143 1713 mim
173 1651 272 1711 series
300 1650 431 1730 planior
464 1659 497 1710 et
524 1651 629 1732 aptius
668 1677 723 1736 per
742 1677 808 1717 ossa
827 1676 925 1728 canes,
952 1651 1040 1735 quod
1062 1654 1226 1733 interpre-

65 1733 255 1809 coniuncta‚
275 1753 371 1814 qoam
386 1729 466 1790 haec
485 1731 631 1815 estzEgo
672 1741 755 1791 tatus
778 1741 840 1793 eit:
863 1737 1039 1815 „Conspicio
1057 1758 1155 1809 canes,
1176 1739 1227 1814 qui

67 1822 147 1874 rota
185 1811 246 1872 diis
278 1814 431 1895 persolvo
452 1835 491 1873 ae
524 1811 635 1884 (dum)
672 1818 733 1877 inm
755 1820 788 1878 in
808 1819 1227 1896 ossibusviriintcifectiliae-

66 1903 195 1972 metuo,
221 1914 262 1955 ne
286 1894 337 1953 vir
357 1893 548 1977 ab'ignot03
573 1915 633 1976 pe·
670 1900 735 1959 sari
760 1898 860 1959 snm.“
891 1896 1013 1955 Verum
1045 1918 1118 1955 cum
1147 1894 1227 1954 illud

67 1976 204 2058 tegrino
230 1976 325 2036 hoste
348 1984 477 2056 pereat3
500 1976 560 2035 alia
581 1995 633 2035 me
671 2001 771 2055 cerno,
803 1977 847 2035 sic
884 1998 957 2036 cum
998 1978 1097 2037 verbo
1134 1980 1227 2040 iactor

66 2057 631 2152 terrent,periculaille‚quaetute
655 2057 896 2139 compositum,
929 2058 1036 2118 nescio
1091 2056 1144 2117 nid
1175 2078 1228 2117 sn-

66 2139 199 2215 obiisti,
236 2145 421 2221 serpentem
468 2140 558 2199 illum
597 2146 632 2198 ct
672 2139 774 2222 specti
796 2137 1038 2222 lrabeat,neqne
1053 2080 1132 2200 illud
1153 2145 1228 2203 liae·

66 2241 188 2304 aprum
210 2228 273 2280 ete.
297 2217 477 2291 domando;
502 2228 631 2294 (aenon
670 2246 755 2287 surm
779 2247 832 2304 per
857 2247 922 2286 ossa
956 2222 1050 2282 facile
1091 2221 1227 2302 probari

64 2304 173 2365 solnm
205 2301 359 2384 opinione
387 2322 459 2363 mea
487 2309 631 2377 terreor)
697 2303 786 2382 ossii,
805 2313 920 2365 contra
941 2302 1019 2364 illud
1033 2328 1131 2370 esnros
1143 2318 1228 2368 lama

64 2406 121 2446 me
149 2392 278 2444 terrent
299 2383 400 2443 lilirae
419 2383 633 2459 victimarum,
668 2326 722 2470 fiir
755 2412 821 2463 oro,
857 2395 892 2447 ut
927 2386 1061 2468 Lennep
1095 2384 1227 2461 docuit,

64 2487 149 2550 quas
173 2465 318 2540 consulo,
339 2473 372 2524 et
398 2465 550 2548 imagines
579 2486 632 2525 so-
672 2470 844 2549 imaginem
864 2467 1226 2549 poeticnmavetustate

60 2547 230 2609 mniornm
248 2554 282 2606 et
296 2547 511 2629 omina‚quac
534 2556 631 2607 noete
672 2571 737 2608 non
759 2549 895 2608 alienam
917 2549 1091 2624 continent,
1119 2549 1229 2630 siugu-

63 2627 177 2690 media
202 2629 346 2710 exploro.
366 2626 545 2688 Namaliud
567 2628 630 2688 hoo
671 2633 805 2768 larepue
827 2630 858 2688 in
884 2651 922 2690 eo
939 2629 1068 2769 nlipuod
1081 2651 1226 2704 acumen,

61 2713 84 2773 Ι.
110 2719 202 2770 certe
226 2717 275 2769 est
299 2723 364 2774 vota
384 2715 440 2774 diis
460 2715 578 2794 operari
598 2717 632 2769 et
673 2731 737 2793 quo
796 2709 931 2778 Ovidius
963 2734 979 2769 a
1007 2720 1114 2787 cetat,
1149 2733 1229 2770 con-

63 2801 138 2854 extn
164 2788 630 2874 pecudumadexplorandum,
672 2792 837 2873 spiciatur,
868 2813 927 2851 vox
960 2818 1059 2858 csnros
1086 2792 1227 2874 deniqne

63 2871 147 2957 quid
184 2875 332 2932 futurum
360 2873 418 2947 sit,
450 2873 629 2933 consulere.
671 2895 817 2954 magnam
847 2872 967 2932 habent
1001 2874 1229 2933 auctoritatem

62 2959 176 3033 Quam
212 2952 353 3036 denique
382 2953 420 3014 V.
452 2957 492 3016 D.
525 2951 629 3014 Hand.
664 2947 832 3030 codicum,
855 2975 914 3036 ego
934 2953 998 3014 hoc
1020 2947 1091 3015 loco
1105 2953 1229 3036 aliquid

63 3058 186 3097 novam
215 3034 309 3095 huius
331 3036 395 3096 loci
416 3035 631 3119 vituperatio·
667 3035 809 3097 dandum
832 3036 1041 3097 coniecturae
1056 3044 1089 3096 ct
1103 3035 1225 3096 felicis-

62 3140 143 3178 nem
166 3117 280 3194 movit,
302 3116 420 3177 nudam
442 3118 528 3178 illam
550 3139 631 3177 enu-
670 3120 784 3179 simum
813 3117 935 3178 Heinsii
965 3119 1131 3178 inventum
1162 3141 1229 3182 esu-

61 3199 630 3283 merationeminterscrpentesopros-
671 3227 719 3266 ros
739 3215 853 3265 terna
872 3225 935 3284 per·
961 3225 1029 3264 oro
1057 3224 1144 3263 canes
1173 3221 1227 3259 re-

87 3306 124 3344 ne
158 3295 211 3344 etc.
242 3278 341 3339 indici
374 3281 465 3340 nimis
494 3282 630 3340 similem
671 3281 838 3342 tinendum
853 3283 977 3363 putavi.
992 3282 1104 3361 Neque
1120 3288 1228 3340 tamen

62 3309 364 3444 dregisterm‘nssig)
402 3371 436 3422 et
471 3363 556 3422 omni
597 3362 629 3421 vi
670 3362 943 3424 contemnendum
973 3370 1108 3445 putem2
1138 3361 1227 3444 quod

62 3441 629 3527 poeticoclestitutamideoqneOvi·
669 3447 724 3506 Fr.
771 3444 951 3527 llcusingcr
989 3444 1151 3526 probabat
1190 3451 1223 3504 et

64 3526 121 3585 dio
148 3522 312 3607 indignam
337 3545 423 3584 esse:
452 3546 511 3608 ego
534 3526 629 3584 aliter
671 3524 966 3586 Conradusedidit:
991 3532 1129 3590 haesuros
1143 3541 1227 3590 terno

64 3606 184 3681 sentio,
221 3626 319 3686 quum
352 3605 431 3665 mihi
468 3609 536 3687 ipsa
572 3607 625 3665 illa
667 3634 720 3691 per
753 3633 817 3687 ora,
845 3605 941 3667 modo
980 3607 1057 3667 illud
1089 3627 1224 3667 acumen

66 3685 274 3749 enumeratio
297 3686 441 3747 colorem
462 3687 628 3769 locopoe·
668 3706 753 3754 terno
771 3715 824 3773 por
844 3715 896 3753 ora
919 3697 1075 3750 servetur.
1098 3693 1228 3752 Haerere

62 3770 169 3829 ticum
192 3767 309 3827 afferre
332 3767 490 3845 videatur,
504 3791 541 3829 ac
556 3771 627 3829 iure
669 3770 709 3830 de
732 3770 904 3832 mordente
921 3779 969 3829 est
990 3770 1074 3852 npnd
1094 3770 1181 3852 Virg.
1190 3773 1226 3829 A.

63 3849 107 3911 de
130 3870 169 3911 ea
192 3847 256 3909 dici
277 3869 370 3930 posse
393 3858 515 3931 putem,
539 3847 627 3932 qnod
668 3853 738 3929 Xll,
768 3849 838 3918 754.
867 3855 901 3911 ln
937 3853 1044 3913 multis
1073 3850 1168 3911 codd.
1197 3873 1227 3910 v.

63 3931 108 3992 de
129 3930 225 3991 simili
248 3951 353 4012 prope
382 3931 455 3992 loco
485 3931 626 3991 Platonis
667 3934 717 3999 37.
735 3941 782 3994 cst
795 3959 891 4016 apros,
905 3936 1016 3993 vocula
1033 3959 1088 4016 qne
1105 3934 1227 3992 omissa.

64 4013 146 4073 dixit
167 4012 299 4094 Dionys.
322 4013 458 4096 Longin.
480 4012 520 4073 ‹le
543 4012 627 4073 Sub·
667 4017 718 4075 De
750 4017 770 4074 l.
800 4039 899 4080 esnros
926 4017 1012 4075 conf.
1041 4014 1150 4075 adnot.
1187 4011 1227 4074 ad

66 4095 136 4156 lim.
157 4115 186 4154 e.
208 4094 258 4159 23
283 4094 365 4171 φύσει
390 4097 447 4179 γὰρ
475 4098 626 4166 ἐξακούεται
666 4096 777 4156 Sabini
796 4097 898 4176 Epist.
922 4099 974 4174 lll,
996 4098 1048 4165 66.

60 4179 98 4240 ui
113 4179 263 4258 πράγματα
272 4181 486 4260 κομπωὸέστερα,
494 4179 626 4262 ἀγεληδὸν
708 4179 757 4243 39.
780 4181 892 4246 fibrae·
914 4177 1006 4253 Exta,
1027 4178 1058 4238 la.
1084 4200 1111 4237 o.
1126 4179 1226 4253 ieeur,

58 4260 152 4331 οὕτως
179 4263 235 4322 uir
256 4258 400 4338 ὀνομάτων
421 4266 626 4340 ἐπισιντιθεμέ-
668 4280 735 4338 cor,
760 4261 940 4343 pulmones.
962 4259 1035 4322 Vid.
1051 4261 1122 4320 l.ll.
1137 4261 1225 4322 Voss.
