2709 4675
1075 210 1170 281 xvtt

23 385 24 434 ³
63 423 172 528 ptura
184 400 562 526 disquisitionem
576 401 941 526 persequendam
958 396 1168 491 inisthac

63 544 237 635 editione
269 542 589 634 desiderarent.

112 680 241 798 Quod
267 703 437 798 ,autem
478 671 732 771 consilium
771 679 881 793 hoe,
919 700 1165 806 postquam
1215 710 1217 713 ·
1267 717 1272 728 ⁴

61 821 173 915 etiam
207 857 258 913 ea
293 822 345 914 in
380 805 508 946 parte
539 853 615 910 me
652 820 795 911 lahni
835 852 971 947 opera
1016 850 1168 946 nuper

59 961 276 1082 praevertit
294 972 356 1053 et
384 960 562 1051 easdem
595 959 747 1084 copias
774 960 964 1070 criticas,
980 982 1169 1084 praeter

60 1097 150 1213 illas,
182 1133 302 1224 quae
326 1132 408 1226 per
438 1095 514 1188 me
544 1130 689 1189 novae
714 1120 1010 1210 accesserunt,
1045 1096 1172 1197 exhie
1286 1223 1290 1232 .

56 1236 153 1352 buit,
168 1272 266 1331 non
287 1239 577 1330 mutandum
590 1239 767 1362 putavi,
783 1261 965 1330 certum
983 1259 1061 1351 est,
1073 1269 1170 1359 quo

56 1376 371 1472 observatama
408 1410 485 1468 nte
523 1377 755 1469 rationem
794 1379 1047 1469 tenendam
1078 1376 1169 1468 sim

54 1519 294 1639 perductus.
331 1515 450 1608 Nam
479 1516 828 1642 primumcum
862 1516 999 1608 Iahni
1026 1515 1186 1608 editio·

54 1657 93 1746 in
110 1655 353 1783 publicum
371 1656 591 1782 prodiret,
610 1655 722 1786 haec
741 1687 841 1776 mea
876 1658 1018 1748 ferme
1043 1656 1186 1782 peni·-

54 1815 118 1887 tus·
136 1797 338 1888 conlecta
363 1818 505 1918 atque
531 1794 741 1888 absoluta
765 1820 879 1904 erat3
907 1818 963 1889 ut
988 1794 1170 1888 infiniti

50 1966 172 2061 prope
192 1934 364 2027 laboris
383 1934 609 2048 fuisset‘si
634 1957 791 2027 totum
812 1968 930 2062 opus
948 1935 1078 2057 quasi
1109 1969 1167 2026 re·

54 2069 204 2201 lingere
229 2098 277 2168 et
301 2073 372 2165 illi
402 2073 601 2165 editioni
631 2076 980 2167 accommodare
1004 2073 1172 2168 voluis-

51 2244 143 2305 sem.
177 2216 334 2337 Atque
351 2211 470 2306 illud
505 2214 715 2341 pertinet
733 2215 791 2306 ad
820 2215 1169 2307 rationesmeas.

51 2350 229 2468 Deinde,
256 2377 313 2446 ut
336 2354 431 2443 iam
450 2354 562 2466 dixi,
590 2352 943 2481 plenitudinem
964 2353 1205 2478 aliquam

50 2489 179 2587 huius
201 2494 313 2588 libri
343 2494 625 2619 spectabam:
658 2493 753 2621 buc
781 2494 1030 2605 accedebat,
1045 2499 1174 2617 quod

50 2629 219 2747 lahnus,
228 2658 285 2727 ut
302 2636 396 2759 ipse
409 2656 474 2725 est
489 2634 540 2750 in
550 2634 1076 2759 praefationeprofessus,
1084 2635 1175 2730 hoc

51 2773 289 2866 consilium
308 2795 454 2865 totam
470 2772 704 2865 variarum
723 2773 981 2864 lectionum
994 2801 1061 2877 uu
1080 2780 1177 2869 red-

51 2911 176 3003 dendi
188 2911 358 3040 primis
375 2909 500 3003 loliis
516 2910 609 3004 iam
621 2913 743 3041 typis
755 2912 1177 3040 expressisdemum

52 3076 224 3177 ceperat,
237 3052 396 3174 itaque
409 3050 495 3141 hac
513 3053 707 3174 quidem
719 3054 771 3145 in
786 3053 1021 3179 parteeius
1031 3055 1177 3149 editio

52 3190 202 3285 minus
235 3191 375 3319 plena
402 3191 645 3283 videbatur
656 3229 667 3299 ;
698 3194 828 3314 quod
870 3192 995 3284 idem
1030 3195 1182 3289 editor

53 3323 224 3425 levioris
249 3331 481 3459 momenti
520 3331 756 3423 varietates
781 3332 843 3423 ab
866 3332 1074 3424 editione
1098 3367 1182 3429 sua

53 3481 277 3564 censuerat
291 3469 606 3582 excludendas,
617 3472 674 3561 de
688 3504 780 3593 qua
795 3504 843 3564 re
855 3468 935 3599 ego
944 3472 1182 3590 sicsentio‚

52 3630 102 3699 ut
124 3608 175 3703 in
201 3610 413 3739 pleniore
442 3608 973 3740 huiusmodiapparatu
1012 3643 1073 3705 ne
1104 3615 1184 3708 illa

52 3741 269 3844 letissima
315 3749 510 3873 quidein
556 3750 819 3842 omittenda
867 3771 1045 3876 putem,
1082 3788 1182 3847 non

56 3905 143 3980 tam
176 3890 387 4017 ipsorum
428 3921 593 4001 caussa,
628 3892 704 3982 sed
738 3891 868 4013 quod
909 3889 1019 3981 talia
1059 3927 1188 4022 saepe

53 4026 216 4120 eximie
241 4030 423 4122 faciunt
450 4029 507 4119 ad
532 4026 857 4122 conditionem
879 4053 1020 4153 atque
1035 4058 1188 4127 aucto·

54 4164 234 4297 ritatem
271 4170 487 4263 codicum
516 4170 774 4262 accuratius
805 4173 1187 4298 cognoscendam:

966 4309 989 4377 3
1059 4352 1090 4381 21·
1222 4338 1224 4341 ·
