2709 4675
109 286 111 292 Α
176 194 261 268 ,190
317 181 563 259 EPISTOLA
586 182 687 259 vlu.
720 181 986 257 HERMIONE
1013 180 1207 258 ORES'H.

186 331 265 406 Aut
289 355 356 431 ego
379 329 610 431 praemoriar
632 330 831 431 primoque
856 329 1068 431 exstinguar
1092 330 1132 404 in
1156 357 1258 420 uero,

235 440 313 513 Aut
336 466 403 541 ego
429 435 646 512 Tantalidae
672 438 838 512 Tantalis
862 464 960 513 uxor
985 462 1062 514 ero.

185 633 274 697 feriis
295 633 334 695 ab
355 632 503 694 adultero
516 630 666 716 Aegistho
684 653 738 693 er·
777 633 835 694 trio
856 654 925 699 ussa
953 633 1035 711 iuro,
1063 633 1095 694 in
1117 634 1209 695 cuins
1231 635 1347 698 caedo

186 716 273 778 actis.
296 718 405 794 Quare
429 714 537 774 verior
552 713 629 776 mihi
647 713 738 774 ride·
778 713 967 776 vindicanda
982 724 1046 776 tam
1061 716 1180 776 fortem
1190 724 1223 777 te
1233 740 1332 812 prae·
1346 718 1347 741 ³

184 809 240 859 tur
260 797 378 858 codicis
405 797 482 858 Lor.
505 795 620 857 lectio:
649 802 737 880 Quod
776 797 885 857 otitioti
907 805 942 857 et
962 795 1026 857 hoc
1047 798 1116 879 ipso
1134 799 1347 877 carissimum}

183 886 225 945 rie
244 886 297 943 sub
316 884 412 955 titulo,
440 877 517 938 lieet
548 876 654 937 malim
685 884 738 942 sub
778 899 852 940 eum
872 878 932 938 tibi
948 899 1014 939 esse
1033 878 1210 939 ostendisti.
1222 880 1347 945 Odon-l

183 966 308 1036 fumum,
329 958 470 1042 quamvis
496 964 659 1029 orobititrdo
680 958 738 1018 de-
777 958 857 1023 deie
887 958 983 1020 etiam
1012 968 1132 1040 posset:
1162 983 1246 1041 qnae
1275 956 1347 1039 tibi}

185 1043 274 1105 leudi
295 1049 418 1124 possem
443 1045 506 1103 ulto
527 1060 603 1100 vero
614 1039 736 1121 passive
777 1047 920 1118 debent,
951 1039 1038 1122 quod
1070 1047 1244 1121 refortiter
1274 1042 1347 1107 ultol

186 1122 387 1206 capiendum.
418 1119 490 1180 vid.
525 1120 566 1180 ad
607 1122 737 1182 Metam.
778 1123 894 1183 iacent.
919 1122 1000 1181 Hinc
1021 1129 1055 1183 et
1076 1142 1135 1205 ego
1157 1143 1230 1182 cum
1251 1120 1347 1189 Bur-l

185 1206 255 1279 Vll,
282 1208 312 1270 3.
347 1210 381 1264 et
409 1200 449 1262 ad
478 1201 546 1262 Val.
568 1202 674 1262 Flacc.
697 1200 737 1275 V,
778 1224 896 1263 manno
917 1203 1023 1263 malim
1042 1207 1159 1285 aicpro
1180 1214 1333 1289 ae,atqne

89 1304 92 1316 ·
184 1289 254 1356 753.
280 1290 384 1350 Burro.
413 1282 473 1343 Cui
492 1282 737 1345 lieet'nniveroe
779 1286 824 1345 ita
858 1290 906 1344 est
933 1283 965 1343 in
996 1281 1108 1344 codice
1142 1286 1267 1346 Lovan.
1302 1294 1333 1346 et

187 1358 252 1429 non
275 1364 443 1435 assentiam
467 1385 572 1446 neque
595 1365 680 1425 enim
699 1364 739 1425 li·
780 1365 885 1425 Guelf.
909 1366 937 1431 1.
958 1363 1103 1425 Eandem
1124 1366 1199 1427 lect.
1209 1368 1334 1448 proba-

188 1449 324 1522 oentiae,
346 1466 428 1529 quae
450 1444 578 1521 dieitur,
588 1446 738 1527 poeticae
779 1446 825 1506 vit
846 1454 983 1527 uterque
998 1445 1187 1531 Heusinger
1215 1458 1252 1510 et
1275 1471 1334 1509 nu·

188 1532 267 1592 liures
295 1538 375 1610 puto
403 1526 600 1610 transgredi„
620 1526 644 1587 ai
668 1527 750 1610 quis'
778 1548 840 1610 per
873 1527 915 1586 Ba
969 1528 1246 1608 'arten-Crusius.
1284 1531 1333 1592 Sic

119 1646 124 1659 ·
189 1612 229 1674 de
251 1610 350 1692 patrio
371 1606 469 1670 caede
495 1630 515 1667 a
541 1608 606 1667 filio
634 1607 740 1668 vindi·
780 1617 855 1669 ante
887 1607 946 1667 hos
991 1607 1144 1669 Vannos
1173 1608 1213 1668 ad
1246 1609 1332 1669 hunc

189 1701 261 1754 eata
282 1690 378 1767 dicat,
399 1691 466 1771 ipsa
493 1688 594 1770 patris
624 1711 692 1750 ossa
710 1714 743 1754 so
782 1690 888 1750 locum
915 1688 1075 1752 adnotavi.
1114 1692 1226 1765 Nunc,
1258 1692 1334 1752 licet

188 1781 252 1839 ulra
271 1792 349 1848 esse,
379 1769 554 1831 vindictam
584 1771 740 1847 inuasisse,
781 1771 955 1831 etiamnum
990 1771 1182 1852 scripturam
1215 1777 1259 1837 ric
1295 1771 1333 1832 od

153 1864 158 1873 ‘
187 1875 293 1938 neque
320 1850 464 1935 urgenda
490 1852 565 1912 talia
591 1872 741 1933 praeser-
779 1872 905 1912 sensum
918 1852 1052 1912 multum
1062 1862 1228 1933 praestare
1240 1863 1333 1935 puto,

188 1939 247 1998 tim
269 1936 300 1995 in
319 1935 423 2017 poetis
445 1940 479 1993 et
499 1932 662 1993 advirum
684 1954 739 1993 re·
778 1941 885 1993 umen
907 1942 1085 1994 memoret
1114 1935 1226 1993 melius
1253 1934 1334 1994 edo-

187 2016 322 2077 secanda
346 2013 509 2083 videntum
538 2022 679 2074 attamen
710 2014 735 2073 si
778 2022 856 2088 ctus,
879 2012 1040 2090 Ovidium,
1060 2023 1096 2074 ut
1117 2015 1150 2074 in
1171 2016 1252 2090 aliis,
1288 2018 1332 2075 sio

187 2100 346 2161 rationein
367 2095 460 2155 huius
476 2095 538 2155 loci
553 2093 734 2177 diligentius
778 2095 874 2155 etiam
894 2095 927 2155 in
949 2095 1182 2176 compositione
1210 2096 1333 2157 verbo-

188 2180 334 2261 inspicio,
356 2177 373 2236 l
394 2202 425 2241 oe
447 2182 509 2239 ulto
532 2177 579 2235 vix
601 2174 735 2237 ferenda
778 2198 850 2237 rum
876 2197 928 2236 oue
953 2197 970 2237 e
1001 2177 1110 2257 paullo
1139 2177 1330 2238 liberiorem

185 2259 325 2332 videtur,
347 2278 420 2316 cum
440 2258 572 2317 omnino
599 2258 638 2318 ab
668 2258 737 2340 ipso
778 2277 862 2333 esse,
883 2198 1042 2317 volutam
1062 2259 1113 2317 rix
1130 2257 1235 2318 audeo
1258 2281 1331 2320 mu-

187 2343 313 2415 Oreste‚
333 2365 386 2423 per
403 2345 480 2424 ipsos
500 2345 611 2406 Orestis
630 2364 736 2405 monus
776 2347 856 2400 ture.
878 2340 923 2399 Co
947 2385 957 2404 .
978 2340 1088 2404 Treuz

185 2439 272 2506 atarto
298 2428 433 2486 virtudem
457 2419 653 2508 vindicatum
679 2444 736 2504 pa·
853 2467 890 2479 -
909 2456 980 2511 quae
998 2439 1053 2491 tibi
1073 2437 1178 2491 debent

186 2514 271 2564 trem
290 2502 467 2584 significare
490 2502 664 2563 Hermione
679 2523 737 2563 ve·
815 2516 873 2570 se.
905 2515 980 2589 quod
999 2516 1051 2569 mh
1081 2517 1190 2570 tumulo
1216 2515 1332 2570 fortiter

187 2587 234 2646 lit.
256 2585 372 2646 Sensus
394 2583 480 2644 enim
500 2591 564 2646 ert:
586 2584 651 2646 Per
677 2606 736 2667 pa·
1107 2594 1168 2645 utta
1187 2592 1294 2648 iacent„

1186 4441 1190 4448 a
