2709 4675
155 191 261 255 XXVI

52 399 58 407 ’
157 382 253 495 riis,
292 382 377 506 qui
404 416 458 474 cx
478 406 576 475 tam
596 383 735 474 variis
755 415 807 473 ac
835 380 1150 488 dissimilibus
1172 386 1322 508 parti·

157 523 248 616 bus
274 525 519 650 compositi
557 545 685 638 sunt,
718 556 849 650 saepe
879 523 1322 646 aequalitasatquc

131 666 423 759 constantia
460 666 746 758 desideretur
783 697 884 757 non
923 663 1080 758 solum
1118 654 1168 756 iri
1214 695 1315 756 ora·

158 805 302 920 tione,
339 807 509 904 sedin
554 829 653 898 toto
691 791 854 933 genere
885 839 937 897 ac
972 805 1324 898 rationecom-

158 947 424 1060 mentandi,
461 971 508 1038 et
541 970 600 1038 ut
649 946 868 1073 paullum
906 968 1129 1071 augeatur
1164 946 1323 1038 moles

158 1087 394 1180 librorum
431 1088 978 1210 commentariorumque
1013 1087 1323 1212 corpus‘Sed

121 1250 258 1364 -tam
295 1262 525 1356 magnum
562 1228 668 1320 illae
705 1226 911 1319 aliorum
948 1228 1169 1318 virorum
1212 1261 1323 1320 eru-

70 1369 76 1384 *
156 1368 387 1483 ditorum‚
413 1369 638 1497 inprimis
665 1369 720 1462 N.
739 1368 937 1481 Heinsii,
959 1369 1007 1458 P.
1031 1368 1322 1481 Burmanni,

159 1510 208 1600 Ι»
242 1511 496 1639 [ennepii‚
555 1519 717 1637 operae
771 1511 823 1601 in
886 1510 961 1601 his
1026 1533 1323 1600 commenta-

161 1651 244 1744 riis
279 1674 513 1811 occupant
548 1650 707 1743 locum
745 1674 969 1774 tantaque
997 1684 1158 1739 earum
1186 1683 1323 1802 prae-

54 1821 58 1836 ·
159 1794 336 1884 stantia
372 1816 450 1906 est,
490 1815 555 1904 ut,
586 1793 627 1883 si
667 1824 772 1883 meo
819 1793 962 1921 modo
1007 1813 1196 1880 cunctas
1250 1827 1323 1883 re

113 1925 119 1934 ’
160 1925 398 2061 fingerem,
427 1936 484 2024 de
517 1933 781 2025 illorum
739 1964 954 2038 virorum
986 1931 1125 2022 laude
1151 1963 1203 2019 ac
1233 1933 1330 2023 do

60 2073 81 2108 ‘¹
160 2075 339 2186 ctrinae
374 2075 497 2165 sama
527 2074 766 2167 detrahere
794 2072 917 2163 mihi
948 2073 1139 2162 viderer.
1174 2071 1322 2164 Acce

17 2213 26 2226 ’
63 2305 67 2310 ,
160 2215 300 2307 debat
327 2239 492 2326 metus,
529 2248 590 2306 ne
624 2215 684 2304 ab
723 2214 1017 2324 hominibus,
1054 2211 1137 2332 qui
1159 2244 1321 2307 -meos

161 2388 312 2448 mores
339 2357 619 2483 ignorarent,
637 2354 819 2447 stolida·
837 2355 1042 2445 vanitate
1062 2351 1320 2478 gloriolam

160 2530 211 2586 ex
250 2496 455 2587 aliorum
493 2519 672 2622 captare
708 2495 888 2587 meritis
930 2519 975 2586 et
1012 2493 1170 2587 aliena
1224 2528 1322 2621 pro

161 2637 279 2729 meis
316 2638 521 2747 inventis
559 2671 635 2727 me
673 2637 913 2728 venditare
940 2635 1145 2729 'voluisse
1164 2710 1166 2713 .
1188 2664 1323 2731 coar·

160 2776 335 2903 guerer,
373 2811 467 2901 qua
507 2776 756 2869 iactatione
782 2800 923 2900 atque
954 2775 1324 2879 inhumanitate

127 2960 129 2970 ·
162 2918 290 3010 nihil
319 2919 637 3011 detestabilius
663 2952 754 3011 esse
780 2940 941 3045 potest,
958 2916 1230 3044 praesertim
1263 2920 1321 3011 in

160 3058 455 3173 hominibus,
482 3060 537 3151 'ut
565 3093 658 3187 ego,
689 3060 957 3187 disciplinas
978 3081 1024 3148 et
1045 3048 1202 3148 studia
1225 3057 1325 3150 hu-

161 3200 406 3290 manitatis
442 3188 788 3359 profitentibus.
826 3200 892 3290 Ae
922 3222 1051 3289 tanta
1078 3221 1321 3323 praeterea

70 3350 73 3357 ’
158 3337 414 3465 plurimae
430 3374 592 3432 earum
630 3343 882 3432 instructae
923 3339 1136 3430 doctrina
1180 3367 1321 3453 sunt,

160 3504 353 3603 tamque
374 3483 546 3639 egregie
558 3481 843 3608 compositae
862 3505 907 3572 at
907 3515 1004 3605 que
1022 3480 1321 3595 enuntiatae,

161 3643 217 3711 ut
256 3621 640 3747 interpretatione
679 3656 780 3712 mea
814 3656 967 3744 neque
1000 3621 1214 3713 ornatius
1243 3657 1324 3716 ex

110 3759 321 3887 [plicari
340 3793 493 3901 neque
512 3763 702 3890 planius
726 3764 923 3889 exprimi
950 3796 1076 3888 posse
1095 3761 1320 3856 rideren-

158 3925 251 3997 tur.
287 3904 408 3993 1ιι
377 3938 434 3994 ns
458 3937 563 3996 vero
587 3903 711 4017 locis,
731 3905 811 3996 ubi
837 3903 992 4061 plures
1017 3904 1321 3998 diversorum

156 4046 572 4169 grammaticorum
608 4046 937 4136 annotationes
973 4045 1102 4133 iuxta
1134 4048 1324 4168 positae

50 4240 55 4251 ·
151 4200 281 4300 sunt
312 4220 481 4310 cacque
511 4200 602 4278 sese
623 4220 754 4310 quasr
744 4185 1325 4313 excipiuntdisputatio-
