<?xml version="1.0" encoding="UTF-8"?>
<!DOCTYPE html PUBLIC "-//W3C//DTD XHTML 1.0 Transitional//EN"
    "http://www.w3.org/TR/xhtml1/DTD/xhtml1-transitional.dtd">
<html xmlns="http://www.w3.org/1999/xhtml" xml:lang="en" lang="en">
 <head>
  <title>
</title>
<meta http-equiv="Content-Type" content="text/html;charset=utf-8" />
  <meta name='ocr-system' content='tesseract 3.04.00' />
  <meta name='ocr-capabilities' content='ocr_page ocr_carea ocr_par ocr_line ocrx_word'/>
</head>
<body>
  <div class='ocr_page' id='page_1' title='image "./povidiinasonish00ovidgoog_0022.png"; bbox 0 0 2709 4675; ppageno 0'>
   <div class='ocr_carea' id='block_1_1' title="bbox 18 261 20 348">
    <p class='ocr_par' dir='ltr' id='par_1_1' title="bbox 18 261 20 348">
     <span class='ocr_line' id='line_1_1' title="bbox 18 261 20 348; baseline 0 0"><span class='ocrx_word' id='word_1_1' title='bbox 18 261 20 348; x_wconf 83' lang='lat' dir='ltr'>l</span> 
     </span>
    </p>
   </div>
   <div class='ocr_carea' id='block_1_2' title="bbox 1101 237 1179 304">
    <p class='ocr_par' dir='ltr' id='par_1_2' title="bbox 1101 237 1179 304">
     <span class='ocr_line' id='line_1_2' title="bbox 1101 237 1179 304; baseline 0 0"><span class='ocrx_word' id='word_1_2' title='bbox 1101 237 1179 304; x_wconf 75' lang='lat' dir='ltr'>xix</span> 
     </span>
    </p>
   </div>
   <div class='ocr_carea' id='block_1_3' title="bbox 49 421 1249 2644">
    <p class='ocr_par' dir='ltr' id='par_1_3' title="bbox 49 411 1249 2644">
     <span class='ocr_line' id='line_1_3' title="bbox 60 421 1180 548; baseline 0.002 -32"><span class='ocrx_word' id='word_1_3' title='bbox 60 451 192 516; x_wconf 80' lang='lat' dir='ltr'>meam</span> <span class='ocrx_word' id='word_1_4' title='bbox 227 421 534 548; x_wconf 84' lang='lat' dir='ltr'><strong>probandam.</strong></span> <span class='ocrx_word' id='word_1_5' title='bbox 569 421 766 535; x_wconf 84' lang='lat' dir='ltr'>Deinde,</span> <span class='ocrx_word' id='word_1_6' title='bbox 802 421 838 514; x_wconf 91' lang='lat' dir='ltr'>si</span> <span class='ocrx_word' id='word_1_7' title='bbox 867 442 1023 516; x_wconf 89' lang='lat' dir='ltr'>totum</span> <span class='ocrx_word' id='word_1_8' title='bbox 1049 423 1180 518; x_wconf 89' lang='lat' dir='ltr'>hunc</span> 
     </span>
     <span class='ocr_line' id='line_1_4' title="bbox 56 554 1180 687; baseline 0.006 -36"><span class='ocrx_word' id='word_1_9' title='bbox 56 561 359 674; x_wconf 83' lang='lat' dir='ltr'>subsidiorum</span> <span class='ocrx_word' id='word_1_10' title='bbox 395 563 666 662; x_wconf 83' lang='lat' dir='ltr'><strong>criticorum</strong></span> <span class='ocrx_word' id='word_1_11' title='bbox 693 554 1001 687; x_wconf 73' lang='lat' dir='ltr'><strong>complexim,</strong></span> <span class='ocrx_word' id='word_1_12' title='bbox 1036 596 1180 686; x_wconf 91' lang='lat' dir='ltr'>quem</span> 
     </span>
     <span class='ocr_line' id='line_1_5' title="bbox 56 699 1182 829; baseline 0.005 -39"><span class='ocrx_word' id='word_1_13' title='bbox 56 699 252 818; x_wconf 82' lang='lat' dir='ltr'>adhibui,</span> <span class='ocrx_word' id='word_1_14' title='bbox 280 702 492 827; x_wconf 91' lang='lat' dir='ltr'>pondero</span> <span class='ocrx_word' id='word_1_15' title='bbox 511 723 651 825; x_wconf 88' lang='lat' dir='ltr'>atque</span> <span class='ocrx_word' id='word_1_16' title='bbox 673 734 928 829; x_wconf 78' lang='lat' dir='ltr'>percenseO,</span> <span class='ocrx_word' id='word_1_17' title='bbox 956 704 1182 796; x_wconf 79' lang='lat' dir='ltr'>satisma-</span> 
     </span>
     <span class='ocr_line' id='line_1_6' title="bbox 55 824 1178 967; baseline 0.004 -36"><span class='ocrx_word' id='word_1_18' title='bbox 55 824 166 964; x_wconf 79' lang='lat' dir='ltr'>gnus-</span> <span class='ocrx_word' id='word_1_19' title='bbox 188 840 377 932; x_wconf 83' lang='lat' dir='ltr'>ridetur</span> <span class='ocrx_word' id='word_1_20' title='bbox 397 843 458 933; x_wconf 92' lang='lat' dir='ltr'>ad</span> <span class='ocrx_word' id='word_1_21' title='bbox 479 843 580 954; x_wconf 90' lang='lat' dir='ltr'>hoc,</span> <span class='ocrx_word' id='word_1_22' title='bbox 596 843 725 964; x_wconf 93' lang='lat' dir='ltr'>quod</span> <span class='ocrx_word' id='word_1_23' title='bbox 742 842 1035 967; x_wconf 88' lang='lat' dir='ltr'>propositum</span> <span class='ocrx_word' id='word_1_24' title='bbox 1056 844 1178 957; x_wconf 86' lang='lat' dir='ltr'>mihi</span> 
     </span>
     <span class='ocr_line' id='line_1_7' title="bbox 56 979 1182 1108; baseline 0.008 -39"><span class='ocrx_word' id='word_1_25' title='bbox 56 979 147 1091; x_wconf 86' lang='lat' dir='ltr'>luit,</span> <span class='ocrx_word' id='word_1_26' title='bbox 171 981 551 1107; x_wconf 86' lang='lat' dir='ltr'>suscipiendum:</span> <span class='ocrx_word' id='word_1_27' title='bbox 573 979 681 1108; x_wconf 92' lang='lat' dir='ltr'>plus</span> <span class='ocrx_word' id='word_1_28' title='bbox 705 1013 849 1104; x_wconf 90' lang='lat' dir='ltr'>quam</span> <span class='ocrx_word' id='word_1_29' title='bbox 874 982 1182 1107; x_wconf 81' lang='lat' dir='ltr'>quadraginta</span> 
     </span>
     <span class='ocr_line' id='line_1_8' title="bbox 55 1119 1179 1246; baseline 0.005 -36"><span class='ocrx_word' id='word_1_30' title='bbox 55 1119 258 1213; x_wconf 86' lang='lat' dir='ltr'>codicum</span> <span class='ocrx_word' id='word_1_31' title='bbox 299 1120 361 1212; x_wconf 85' lang='lat' dir='ltr'>ab</span> <span class='ocrx_word' id='word_1_32' title='bbox 383 1120 577 1246; x_wconf 79' lang='lat' dir='ltr'>Heinsio</span> <span class='ocrx_word' id='word_1_33' title='bbox 611 1142 657 1213; x_wconf 87' lang='lat' dir='ltr'>et</span> <span class='ocrx_word' id='word_1_34' title='bbox 688 1119 793 1213; x_wconf 83' lang='lat' dir='ltr'>aliis</span> <span class='ocrx_word' id='word_1_35' title='bbox 826 1121 938 1212; x_wconf 81' lang='lat' dir='ltr'>uiris</span> <span class='ocrx_word' id='word_1_36' title='bbox 969 1121 1179 1237; x_wconf 79' lang='lat' dir='ltr'>eruditiS,</span> 
     </span>
     <span class='ocr_line' id='line_1_9' title="bbox 54 1249 1178 1399; baseline 0.004 -49"><span class='ocrx_word' id='word_1_37' title='bbox 54 1249 156 1376; x_wconf 86' lang='lat' dir='ltr'>(non</span> <span class='ocrx_word' id='word_1_38' title='bbox 173 1258 373 1399; x_wconf 75' lang='lat' dir='ltr'>quidem</span> <span class='ocrx_word' id='word_1_39' title='bbox 401 1262 509 1353; x_wconf 87' lang='lat' dir='ltr'>satis</span> <span class='ocrx_word' id='word_1_40' title='bbox 529 1259 787 1388; x_wconf 82' lang='lat' dir='ltr'>diligenter,</span> <span class='ocrx_word' id='word_1_41' title='bbox 802 1283 858 1352; x_wconf 90' lang='lat' dir='ltr'>ut</span> <span class='ocrx_word' id='word_1_42' title='bbox 880 1263 1064 1352; x_wconf 91' lang='lat' dir='ltr'>dictum</span> <span class='ocrx_word' id='word_1_43' title='bbox 1097 1268 1178 1383; x_wconf 84' lang='lat' dir='ltr'>est)</span> 
     </span>
     <span class='ocr_line' id='line_1_10' title="bbox 53 1398 1183 1524; baseline 0.007 -39"><span class='ocrx_word' id='word_1_44' title='bbox 53 1420 222 1491; x_wconf 84' lang='lat' dir='ltr'>enotata</span> <span class='ocrx_word' id='word_1_45' title='bbox 251 1398 466 1492; x_wconf 88' lang='lat' dir='ltr'>lectionis</span> <span class='ocrx_word' id='word_1_46' title='bbox 488 1400 1005 1524; x_wconf 54' lang='lat' dir='ltr'>varietasrquindecim</span> <span class='ocrx_word' id='word_1_47' title='bbox 1033 1422 1080 1492; x_wconf 88' lang='lat' dir='ltr'>et</span> <span class='ocrx_word' id='word_1_48' title='bbox 1114 1435 1183 1493; x_wconf 43' lang='lat' dir='ltr'>aee</span> 
     </span>
     <span class='ocr_line' id='line_1_11' title="bbox 53 1536 1183 1665; baseline 0.004 -38"><span class='ocrx_word' id='word_1_49' title='bbox 53 1536 131 1629; x_wconf 80' lang='lat' dir='ltr'>tate</span> <span class='ocrx_word' id='word_1_50' title='bbox 155 1539 379 1665; x_wconf 86' lang='lat' dir='ltr'>etpatria</span> <span class='ocrx_word' id='word_1_51' title='bbox 407 1539 825 1632; x_wconf 88' lang='lat' dir='ltr'>diversissimorum</span> <span class='ocrx_word' id='word_1_52' title='bbox 862 1541 1081 1631; x_wconf 91' lang='lat' dir='ltr'>codicum</span> <span class='ocrx_word' id='word_1_53' title='bbox 1114 1576 1183 1632; x_wconf 81' lang='lat' dir='ltr'>ac·</span> 
     </span>
     <span class='ocr_line' id='line_1_12' title="bbox 53 1678 1185 1804; baseline 0.004 -38"><span class='ocrx_word' id='word_1_54' title='bbox 53 1678 331 1771; x_wconf 84' lang='lat' dir='ltr'>curatissime</span> <span class='ocrx_word' id='word_1_55' title='bbox 378 1712 584 1771; x_wconf 84' lang='lat' dir='ltr'><strong>excussae</strong></span> <span class='ocrx_word' id='word_1_56' title='bbox 631 1681 788 1804; x_wconf 89' lang='lat' dir='ltr'>copiae</span> <span class='ocrx_word' id='word_1_57' title='bbox 796 1718 809 1788; x_wconf 88' lang='lat'>;</span> <span class='ocrx_word' id='word_1_58' title='bbox 855 1702 939 1784; x_wconf 81' lang='lat' dir='ltr'>tot</span> <span class='ocrx_word' id='word_1_59' title='bbox 976 1679 1185 1803; x_wconf 88' lang='lat' dir='ltr'>denique</span> 
     </span>
     <span class='ocr_line' id='line_1_13' title="bbox 54 1804 1214 1945; baseline 0.003 -40"><span class='ocrx_word' id='word_1_60' title='bbox 54 1814 156 1908; x_wconf 92' lang='lat' dir='ltr'>inde</span> <span class='ocrx_word' id='word_1_61' title='bbox 189 1818 252 1908; x_wconf 84' lang='lat' dir='ltr'>ab</span> <span class='ocrx_word' id='word_1_62' title='bbox 285 1850 422 1943; x_wconf 89' lang='lat' dir='ltr'>opera</span> <span class='ocrx_word' id='word_1_63' title='bbox 445 1817 651 1910; x_wconf 92' lang='lat' dir='ltr'>Domitii</span> <span class='ocrx_word' id='word_1_64' title='bbox 687 1816 921 1909; x_wconf 90' lang='lat' dir='ltr'>Calderini</span> <span class='ocrx_word' id='word_1_65' title='bbox 959 1804 1214 1945; x_wconf 24' lang='lat' dir='ltr'>gramma-¹</span> 
     </span>
     <span class='ocr_line' id='line_1_14' title="bbox 50 1945 1193 2081; baseline 0.004 -37"><span class='ocrx_word' id='word_1_66' title='bbox 50 1954 247 2047; x_wconf 75' lang='lat' dir='ltr'>cicorum</span> <span class='ocrx_word' id='word_1_67' title='bbox 277 1957 636 2070; x_wconf 74' lang='lat' dir='ltr'>emendatioueS,</span> <span class='ocrx_word' id='word_1_68' title='bbox 664 1945 801 2049; x_wconf 79' lang='lat' dir='ltr'>notae</span> <span class='ocrx_word' id='word_1_69' title='bbox 835 1956 1018 2047; x_wconf 83' lang='lat' dir='ltr'>criticae</span> <span class='ocrx_word' id='word_1_70' title='bbox 1042 1981 1193 2081; x_wconf 87' lang='lat' dir='ltr'>atque</span> 
     </span>
     <span class='ocr_line' id='line_1_15' title="bbox 51 2085 1184 2223; baseline 0.004 -39"><span class='ocrx_word' id='word_1_71' title='bbox 51 2097 344 2188; x_wconf 86' lang='lat' dir='ltr'>coniecturae.</span> <span class='ocrx_word' id='word_1_72' title='bbox 357 2085 668 2223; x_wconf 73' lang='lat' dir='ltr'>depraeterca</span> <span class='ocrx_word' id='word_1_73' title='bbox 679 2119 914 2219; x_wconf 89' lang='lat' dir='ltr'>quantum</span> <span class='ocrx_word' id='word_1_74' title='bbox 924 2130 1002 2223; x_wconf 84' lang='lat' dir='ltr'>ego</span> <span class='ocrx_word' id='word_1_75' title='bbox 1013 2130 1065 2188; x_wconf 88' lang='lat' dir='ltr'>cx</span> <span class='ocrx_word' id='word_1_76' title='bbox 1081 2100 1184 2189; x_wconf 92' lang='lat' dir='ltr'>diu·-</span> 
     </span>
     <span class='ocr_line' id='line_1_16' title="bbox 53 2238 1182 2353; baseline 0.004 -30"><span class='ocrx_word' id='word_1_77' title='bbox 53 2252 189 2326; x_wconf 89' lang='lat' dir='ltr'>turno</span> <span class='ocrx_word' id='word_1_78' title='bbox 220 2259 266 2327; x_wconf 90' lang='lat' dir='ltr'>et</span> <span class='ocrx_word' id='word_1_79' title='bbox 296 2238 478 2353; x_wconf 72' lang='lat' dir='ltr'>assiduo</span> <span class='ocrx_word' id='word_1_80' title='bbox 514 2238 686 2328; x_wconf 92' lang='lat' dir='ltr'>horum</span> <span class='ocrx_word' id='word_1_81' title='bbox 731 2241 999 2328; x_wconf 88' lang='lat' dir='ltr'>carminum</span> <span class='ocrx_word' id='word_1_82' title='bbox 1024 2238 1182 2329; x_wconf 89' lang='lat' dir='ltr'>studio</span> 
     </span>
     <span class='ocr_line' id='line_1_17' title="bbox 54 2374 1187 2503; baseline 0.004 -40"><span class='ocrx_word' id='word_1_83' title='bbox 54 2374 253 2467; x_wconf 87' lang='lat' dir='ltr'>iudicare</span> <span class='ocrx_word' id='word_1_84' title='bbox 285 2392 487 2503; x_wconf 88' lang='lat' dir='ltr'>possum,</span> <span class='ocrx_word' id='word_1_85' title='bbox 525 2379 583 2468; x_wconf 90' lang='lat' dir='ltr'>ad</span> <span class='ocrx_word' id='word_1_86' title='bbox 620 2377 899 2502; x_wconf 81' lang='lat' dir='ltr'>scripturam</span> <span class='ocrx_word' id='word_1_87' title='bbox 935 2380 1187 2469; x_wconf 83' lang='lat' dir='ltr'>emendan-¹</span> 
     </span>
     <span class='ocr_line' id='line_1_18' title="bbox 49 2512 1249 2644; baseline 0.005 -42"><span class='ocrx_word' id='word_1_88' title='bbox 49 2512 164 2628; x_wconf 89' lang='lat' dir='ltr'>dam,</span> <span class='ocrx_word' id='word_1_89' title='bbox 192 2516 230 2606; x_wconf 93' lang='lat' dir='ltr'>si</span> <span class='ocrx_word' id='word_1_90' title='bbox 263 2516 329 2606; x_wconf 78' lang='lat' dir='ltr'>ad&#39;</span> <span class='ocrx_word' id='word_1_91' title='bbox 352 2548 599 2608; x_wconf 90' lang='lat' dir='ltr'>summum</span> <span class='ocrx_word' id='word_1_92' title='bbox 626 2517 793 2642; x_wconf 83' lang='lat' dir='ltr'>viginti</span> <span class='ocrx_word' id='word_1_93' title='bbox 822 2515 943 2608; x_wconf 90' lang='lat' dir='ltr'>locos</span> <span class='ocrx_word' id='word_1_94' title='bbox 974 2518 1181 2644; x_wconf 83' lang='lat' dir='ltr'>excipias,</span> <span class='ocrx_word' id='word_1_95' title='bbox 1238 2573 1249 2605; x_wconf 60' lang='grc' dir='ltr'><em>ι</em></span> 
     </span>
    </p>
   </div>
   <div class='ocr_carea' id='block_1_4' title="bbox 19 2652 1181 2781">
    <p class='ocr_par' dir='ltr' id='par_1_4' title="bbox 19 2652 1181 2781">
     <span class='ocr_line' id='line_1_19' title="bbox 19 2652 1181 2781; baseline 0.006 -41"><span class='ocrx_word' id='word_1_96' title='bbox 19 2652 26 2681; x_wconf 86' lang='grc'>’</span> <span class='ocrx_word' id='word_1_97' title='bbox 49 2683 71 2740; x_wconf 89' lang='lat' dir='ltr'>a</span> <span class='ocrx_word' id='word_1_98' title='bbox 94 2654 316 2746; x_wconf 85' lang='lat' dir='ltr'>codicum</span> <span class='ocrx_word' id='word_1_99' title='bbox 363 2655 508 2781; x_wconf 88' lang='lat' dir='ltr'>copiis</span> <span class='ocrx_word' id='word_1_100' title='bbox 530 2688 722 2780; x_wconf 88' lang='lat' dir='ltr'>.parum</span> <span class='ocrx_word' id='word_1_101' title='bbox 759 2659 853 2781; x_wconf 88' lang='lat' dir='ltr'>spei</span> <span class='ocrx_word' id='word_1_102' title='bbox 897 2656 1074 2779; x_wconf 88' lang='lat' dir='ltr'>reliqua</span> <span class='ocrx_word' id='word_1_103' title='bbox 1094 2679 1181 2769; x_wconf 83' lang='lat' dir='ltr'>est,</span> 
     </span>
    </p>
   </div>
   <div class='ocr_carea' id='block_1_5' title="bbox 48 2794 1188 3203">
    <p class='ocr_par' dir='ltr' id='par_1_5' title="bbox 48 2794 1188 3203">
     <span class='ocr_line' id='line_1_20' title="bbox 48 2794 1181 2920; baseline 0.003 -37"><span class='ocrx_word' id='word_1_104' title='bbox 48 2794 115 2883; x_wconf 86' lang='lat' dir='ltr'>sed</span> <span class='ocrx_word' id='word_1_105' title='bbox 161 2794 325 2885; x_wconf 88' lang='lat' dir='ltr'>omnia</span> <span class='ocrx_word' id='word_1_106' title='bbox 373 2796 432 2886; x_wconf 93' lang='lat' dir='ltr'>ab</span> <span class='ocrx_word' id='word_1_107' title='bbox 477 2796 789 2920; x_wconf 73' lang='lat' dir='ltr'>interpretum</span> <span class='ocrx_word' id='word_1_108' title='bbox 827 2817 872 2885; x_wconf 89' lang='lat' dir='ltr'>et</span> <span class='ocrx_word' id='word_1_109' title='bbox 909 2797 1181 2887; x_wconf 82' lang='lat' dir='ltr'>criticorum</span> 
     </span>
     <span class='ocr_line' id='line_1_21' title="bbox 48 2930 1185 3059; baseline 0.001 -36"><span class='ocrx_word' id='word_1_110' title='bbox 48 2934 279 3059; x_wconf 81' lang='lat' dir='ltr'>sagacitate</span> <span class='ocrx_word' id='word_1_111' title='bbox 305 2957 445 3057; x_wconf 90' lang='lat' dir='ltr'>atque</span> <span class='ocrx_word' id='word_1_112' title='bbox 480 2936 706 3044; x_wconf 90' lang='lat' dir='ltr'>doctrina,</span> <span class='ocrx_word' id='word_1_113' title='bbox 746 2956 792 3025; x_wconf 91' lang='lat' dir='ltr'>et</span> <span class='ocrx_word' id='word_1_114' title='bbox 823 2930 995 3024; x_wconf 82' lang='lat' dir='ltr'>acriore</span> <span class='ocrx_word' id='word_1_115' title='bbox 1027 2957 1185 3059; x_wconf 90' lang='lat' dir='ltr'>poetae</span> 
     </span>
     <span class='ocr_line' id='line_1_22' title="bbox 48 3073 1188 3203; baseline 0.003 -42"><span class='ocrx_word' id='word_1_116' title='bbox 48 3073 201 3165; x_wconf 79' lang='lat' dir='ltr'>studio</span> <span class='ocrx_word' id='word_1_117' title='bbox 219 3075 530 3200; x_wconf 85' lang='lat' dir='ltr'>exspectanda.</span> <span class='ocrx_word' id='word_1_118' title='bbox 555 3073 714 3196; x_wconf 86' lang='lat' dir='ltr'><strong>Neque</strong></span> <span class='ocrx_word' id='word_1_119' title='bbox 744 3074 948 3203; x_wconf 83' lang='lat' dir='ltr'>denique</span> <span class='ocrx_word' id='word_1_120' title='bbox 970 3075 1033 3165; x_wconf 86' lang='lat' dir='ltr'>ita</span> <span class='ocrx_word' id='word_1_121' title='bbox 1058 3073 1188 3167; x_wconf 90' lang='lat' dir='ltr'>mihi</span> 
     </span>
    </p>
   </div>
   <div class='ocr_carea' id='block_1_6' title="bbox 49 3206 1327 3333">
    <p class='ocr_par' dir='ltr' id='par_1_6' title="bbox 49 3206 1327 3333">
     <span class='ocr_line' id='line_1_23' title="bbox 49 3206 1327 3333; baseline -0.012 -24"><span class='ocrx_word' id='word_1_122' title='bbox 49 3207 210 3333; x_wconf 80' lang='lat' dir='ltr'>placeo,</span> <span class='ocrx_word' id='word_1_123' title='bbox 242 3206 327 3304; x_wconf 89' lang='lat' dir='ltr'>nec</span> <span class='ocrx_word' id='word_1_124' title='bbox 350 3235 539 3305; x_wconf 90' lang='lat' dir='ltr'>tantum</span> <span class='ocrx_word' id='word_1_125' title='bbox 573 3213 696 3304; x_wconf 88' lang='lat' dir='ltr'>mihi</span> <span class='ocrx_word' id='word_1_126' title='bbox 732 3213 904 3325; x_wconf 89' lang='lat' dir='ltr'>tribuo,</span> <span class='ocrx_word' id='word_1_127' title='bbox 937 3237 992 3304; x_wconf 88' lang='lat' dir='ltr'>ut</span> <span class='ocrx_word' id='word_1_128' title='bbox 1023 3213 1185 3304; x_wconf 74' lang='lat' dir='ltr'>editio</span> <span class='ocrx_word' id='word_1_129' title='bbox 1322 3224 1327 3231; x_wconf 86' lang='grc'><em>“</em></span> 
     </span>
    </p>
   </div>
   <div class='ocr_carea' id='block_1_7' title="bbox 49 3351 1269 4313">
    <p class='ocr_par' dir='ltr' id='par_1_7' title="bbox 49 3351 1269 4032">
     <span class='ocr_line' id='line_1_24' title="bbox 51 3351 1183 3478; baseline 0.004 -40"><span class='ocrx_word' id='word_1_130' title='bbox 51 3380 168 3464; x_wconf 86' lang='lat' dir='ltr'>nem,</span> <span class='ocrx_word' id='word_1_131' title='bbox 188 3354 265 3442; x_wconf 89' lang='lat' dir='ltr'>cui</span> <span class='ocrx_word' id='word_1_132' title='bbox 281 3353 341 3443; x_wconf 95' lang='lat' dir='ltr'>ad</span> <span class='ocrx_word' id='word_1_133' title='bbox 360 3351 704 3444; x_wconf 87' lang='lat' dir='ltr'>absolutionem</span> <span class='ocrx_word' id='word_1_134' title='bbox 721 3351 846 3465; x_wconf 88' lang='lat' dir='ltr'>nihil</span> <span class='ocrx_word' id='word_1_135' title='bbox 866 3352 993 3464; x_wconf 85' lang='lat' dir='ltr'>desit,</span> <span class='ocrx_word' id='word_1_136' title='bbox 1006 3386 1183 3478; x_wconf 87' lang='lat' dir='ltr'>sperem</span> 
     </span>
     <span class='ocr_line' id='line_1_25' title="bbox 49 3482 1269 3618; baseline 0.002 -40"><span class='ocrx_word' id='word_1_137' title='bbox 49 3520 120 3579; x_wconf 89' lang='lat' dir='ltr'>me</span> <span class='ocrx_word' id='word_1_138' title='bbox 140 3482 269 3615; x_wconf 85' lang='lat' dir='ltr'>posse</span> <span class='ocrx_word' id='word_1_139' title='bbox 292 3489 506 3617; x_wconf 88' lang='lat' dir='ltr'>perficere</span> <span class='ocrx_word' id='word_1_140' title='bbox 514 3530 525 3599; x_wconf 95' lang='lat'>;</span> <span class='ocrx_word' id='word_1_141' title='bbox 549 3524 701 3615; x_wconf 91' lang='lat' dir='ltr'>quum</span> <span class='ocrx_word' id='word_1_142' title='bbox 728 3493 846 3582; x_wconf 89' lang='lat' dir='ltr'>bene</span> <span class='ocrx_word' id='word_1_143' title='bbox 865 3491 1124 3618; x_wconf 78' lang='lat' dir='ltr'>intelligam</span> <span class='ocrx_word' id='word_1_144' title='bbox 1140 3515 1186 3581; x_wconf 92' lang='lat' dir='ltr'>et</span> <span class='ocrx_word' id='word_1_145' title='bbox 1244 3493 1269 3534; x_wconf 79' lang='grc'>·’</span> 
     </span>
     <span class='ocr_line' id='line_1_26' title="bbox 50 3626 1184 3761; baseline 0.004 -44"><span class='ocrx_word' id='word_1_146' title='bbox 50 3626 150 3720; x_wconf 81' lang='lat' dir='ltr'>tulis</span> <span class='ocrx_word' id='word_1_147' title='bbox 167 3631 319 3756; x_wconf 86' lang='lat' dir='ltr'>operis</span> <span class='ocrx_word' id='word_1_148' title='bbox 337 3632 594 3761; x_wconf 82' lang='lat' dir='ltr'>vastitatem</span> <span class='ocrx_word' id='word_1_149' title='bbox 614 3655 659 3721; x_wconf 88' lang='lat' dir='ltr'>et</span> <span class='ocrx_word' id='word_1_150' title='bbox 685 3664 896 3722; x_wconf 89' lang='lat' dir='ltr'>mearum</span> <span class='ocrx_word' id='word_1_151' title='bbox 922 3631 1098 3721; x_wconf 85' lang='lat' dir='ltr'>virium</span> <span class='ocrx_word' id='word_1_152' title='bbox 1126 3631 1184 3722; x_wconf 89' lang='lat' dir='ltr'>ad</span> 
     </span>
     <span class='ocr_line' id='line_1_27' title="bbox 51 3764 1191 3891; baseline 0.004 -37"><span class='ocrx_word' id='word_1_153' title='bbox 51 3764 166 3860; x_wconf 93' lang='lat' dir='ltr'>illud</span> <span class='ocrx_word' id='word_1_154' title='bbox 192 3769 525 3863; x_wconf 85' lang='lat' dir='ltr'>absolvendum</span> <span class='ocrx_word' id='word_1_155' title='bbox 549 3771 929 3861; x_wconf 86' lang='lat' dir='ltr'>mediocritatem.</span> <span class='ocrx_word' id='word_1_156' title='bbox 955 3772 1110 3891; x_wconf 82' lang='lat' dir='ltr'>Atque</span> <span class='ocrx_word' id='word_1_157' title='bbox 1129 3772 1191 3858; x_wconf 90' lang='lat' dir='ltr'>de-</span> 
     </span>
     <span class='ocr_line' id='line_1_28' title="bbox 50 3907 1181 4032; baseline 0.002 -37"><span class='ocrx_word' id='word_1_158' title='bbox 50 3907 202 4032; x_wconf 85' lang='lat' dir='ltr'>copiis¹</span> <span class='ocrx_word' id='word_1_159' title='bbox 216 3908 389 4001; x_wconf 89' lang='lat' dir='ltr'>criticis</span> <span class='ocrx_word' id='word_1_160' title='bbox 406 3942 458 3999; x_wconf 94' lang='lat' dir='ltr'>ac</span> <span class='ocrx_word' id='word_1_161' title='bbox 471 3910 688 4000; x_wconf 80' lang='lat' dir='ltr'>uarietate</span> <span class='ocrx_word' id='word_1_162' title='bbox 709 3907 922 4000; x_wconf 89' lang='lat' dir='ltr'>lectionis</span> <span class='ocrx_word' id='word_1_163' title='bbox 947 3910 1181 4000; x_wconf 74' lang='lat' dir='ltr'>hactenusL</span> 
     </span>
    </p>

    <p class='ocr_par' dir='ltr' id='par_1_8' title="bbox 49 4046 1191 4313">
     <span class='ocr_line' id='line_1_29' title="bbox 95 4046 1191 4182; baseline 0.001 -44"><span class='ocrx_word' id='word_1_164' title='bbox 95 4046 269 4140; x_wconf 72' lang='lat' dir='ltr'>&#39;Tertio</span> <span class='ocrx_word' id='word_1_165' title='bbox 306 4048 405 4139; x_wconf 90' lang='lat' dir='ltr'>loco</span> <span class='ocrx_word' id='word_1_166' title='bbox 443 4049 678 4175; x_wconf 87' lang='lat' dir='ltr'>proposita</span> <span class='ocrx_word' id='word_1_167' title='bbox 711 4049 955 4140; x_wconf 89' lang='lat' dir='ltr'>annotatio</span> <span class='ocrx_word' id='word_1_168' title='bbox 982 4049 1087 4160; x_wconf 79' lang='lat' dir='ltr'>luit,</span> <span class='ocrx_word' id='word_1_169' title='bbox 1117 4081 1191 4182; x_wconf 53' lang='lat' dir='ltr'>eae</span> 
     </span>
     <span class='ocr_line' id='line_1_30' title="bbox 49 4188 1184 4313; baseline 0.001 -33"><span class='ocrx_word' id='word_1_170' title='bbox 49 4214 141 4305; x_wconf 86' lang='lat' dir='ltr'>que</span> <span class='ocrx_word' id='word_1_171' title='bbox 176 4188 362 4282; x_wconf 85' lang='lat' dir='ltr'>duabus</span> <span class='ocrx_word' id='word_1_172' title='bbox 402 4189 675 4281; x_wconf 84' lang='lat' dir='ltr'>continetur</span> <span class='ocrx_word' id='word_1_173' title='bbox 720 4189 944 4313; x_wconf 64' lang='lat' dir='ltr'>partibus,</span> <span class='ocrx_word' id='word_1_174' title='bbox 979 4220 1184 4310; x_wconf 89' lang='lat' dir='ltr'>quarum</span> 
     </span>
    </p>
   </div>
   <div class='ocr_carea' id='block_1_8' title="bbox 0 0 1360 4675">
    <p class='ocr_par' dir='ltr' id='par_1_9' title="bbox 0 0 1360 4675">
     <span class='ocr_line' id='line_1_31' title="bbox 0 0 1360 4675; baseline 0 1"><span class='ocrx_word' id='word_1_175' title='bbox 0 0 1360 4675; x_wconf 95' lang='lat' dir='ltr'> </span> 
     </span>
    </p>
   </div>
  </div>
 </body>
</html>
