2709 4675
1087 305 1093 315 ,
1109 248 1200 313 XXV

62 467 119 528 res
144 456 367 548 auctores,
387 436 471 558 qui
500 468 551 526 ea
576 436 634 528 de
658 434 1021 562 rescripsissent,
1043 432 1202 529 lauda-

62 610 144 668 rem
164 577 459 700 diversasque
478 574 745 669 fabularum
764 575 1056 669 narrationes
1072 583 1208 669 accu·'

61 740 142 809 nte
156 718 391 830 referrem,
413 718 573 841 itaque
588 705 752 809 earum
780 715 1065 832 fabularum,
1081 749 1202 842 quae

60 858 103 950 in
123 859 196 951 his
215 859 511 951 carminibus
525 880 841 986 tangerentur,
861 857 993 980 quasi
1017 856 1199 952 lexicon

59 999 421 1127 mythologicum
448 999 810 1130 conscriberem;
837 1000 965 1121 quod
984 998 1200 1092 alienum

60 1163 146 1231 erat
192 1139 255 1231 ab
300 1141 387 1232 ista
417 1141 670 1266 scriptura.
718 1141 771 1231 ld
815 1140 945 1262 quod
989 1158 1092 1231 eam
1137 1140 1201 1232 ob

60 1310 254 1376 caussam
290 1282 591 1373 monendum
627 1280 851 1394 rideturf
877 1312 939 1371 ne
990 1278 1112 1403 quiS,
1157 1280 1197 1375 si

59 1419 165 1512 forte
183 1454 345 1512 unum
377 1444 423 1512 et
440 1420 643 1514 alterum
675 1442 773 1516 aut.
797 1419 952 1513 multa
986 1443 1198 1515 veterum

58 1561 331 1689 scriptorum
367 1562 644 1654 testimonia
677 1561 883 1653 hicnon
914 1594 1215 1661 commemo,

60 1722 143 1792 rata
177 1735 272 1794 esse
307 1703 515 1831 reperiat,
555 1702 678 1796 illud
703 1726 787 1795 aut
812 1700 973 1826 aliqua
993 1737 1096 1796 mea
1115 1736 1198 1806 ‚ne-

57 1839 268 1969 gligentia
290 1867 433 1967 atque
459 1843 661 1957 inscitia,
690 1845 905 1968 quamvis
936 1842 1088 1953 multa
1110 1845 1199 1940 hu·

60 1981 124 2073 ius
155 1983 335 2111 generis
371 2017 448 2076 mc
488 1984 668 2077 nescire
715 1985 918 2112 ingenue
961 1981 1196 2103 confitear,

59 2121 226 2217 sactum
262 2159 352 2217 esse
387 2126 631 2218 existimet.
662 2123 826 2250 'Atque
862 2127 1068 2219 eundem
1098 2158 1196 2218 mo

57 2262 178 2380 dum,
216 2299 362 2391 quem
400 2268 453 2359 in
491 2264 674 2382 sabulis,
712 2265 996 2394 plerumque
1041 2268 1196 2401 tenui-

54 2435 150 2499 mus
186 2409 240 2500 in
261 2408 589 2537 'geographicis
625 2432 671 2500 et
707 2410 863 2523 rebus,
900 2441 1020 2532 quae
1055 2409 1194 2540 vulgo
1252 2530 1258 2541 s

53 2549 348 2672 antiquitates
382 2574 622 2666 vocantur,
661 2549 960 2677 explicandis.

109 2689 174 2780 Ac
202 2686 262 2782 de
281 2690 676 2785 annotationibus
703 2693 922 2819 priorum
949 2692 1190 2787 editorum

53 2804 349 2955 aiiorumque,
368 2833 456 2956 qui·
481 2855 566 2924 aut
595 2834 650 2927 ίῐῐ
675 2832 750 2925 his
769 2832 1062 2938 carminibus
1080 2836 1191 2927 totis

53 2991 124 3061 aut
171 2971 373 3100 singuiis
418 3006 582 3066 eorum
628 2974 843 3101 partibus
898 2970 1218 3067 illustrandis.

53 3136 228 3234 operam
271 3138 556 3240 posuerunt,
599 3118 761 3207 eadem
807 3148 920 3207 usus
960 3147 1068 3206 sum
1114 3115 1189 3231 ria

52 3278 95 3337 ac
126 3277 318 3367 ratione,
356 3288 448 3377 qua
483 3255 534 3346 in
563 3255 906 3349 commentario
935 3254 1111 3370 critico,
1132 3279 1189 3349 ut

54 3384 297 3487 inutilibus
326 3395 519 3490 rescissis
541 3421 587 3487 et
614 3397 817 3510 abiectis,
846 3428 965 3518 quae
983 3429 1036 3487 ex
1056 3421 1189 3523 parte

53 3528 228 3627 vitiosae
261 3559 308 3627 et
340 3570 532 3663 mancae
555 3562 715 3651 essent,
744 3536 942 3663 expletas
963 3557 1009 3627 et
1032 3569 1188 3627 emen·

52 3666 173 3789 datas,
196 3710 319 3800 quae
346 3702 505 3770 autem
538 3680 710 3806 probae
746 3704 791 3772 et
827 3711 880 3767 ex
917 3709 965 3767 re
1001 3709 1187 3802 compo-
1294 3684 1298 3691 ’

51 3808 147 3905 siue
178 3818 466 3931 riderentur,
505 3822 716 3949 integrm,
755 3819 865 3945 ipsis
899 3816 1185 3944 scriptorum

52 3953 184 4051 *erbis
234 3950 296 4051 et'
323 3959 591 4054 subiunctis
636 3993 829 4084 quoque
878 3958 1183 4075 nominibus,

52 4086 401 4193 transcriberem.
439 4102 590 4194 Habet
624 4134 675 4193 ca
713 4136 780 4194 res
806 4098 928 4192 iliud
952 4132 1063 4191 sane
1086 4136 1185 4194 mo
1305 4194 1309 4201 ,

50 4224 188 4329 lectiae
223 4243 712 4365 atqueincommodi,
733 4265 790 4335 ut
817 4242 868 4333 in
898 4266 1185 4337 commenta·

961 4380 987 4454 4
