2709 4675
353 162 587 239 cnnacu
619 164 921 241 Macareo.
1131 172 1201 266 aas
1261 228 1263 232 .

63 311 187 373 duxisse
208 318 242 372 et
261 317 374 393 postea
394 331 529 394 reguum
550 310 670 371 insulae
692 311 866 375 obtinuisse
887 312 1006 389 tradit;
1027 314 1115 379 lianc
1131 338 1211 380 vero

63 438 142 494 esse,
164 417 203 478 ad
226 405 472 500 quem.venerit
491 418 609 479 Ulixes.
629 419 809 480 Ventorum
831 441 940 504 regem
958 429 1060 487 Αἴολον
1076 426 1209 488 Ἱππότεω

63 530 153 587 παῖδα
173 527 271 588 κλυτόν
293 532 389 584 vocat
409 525 505 585 etiam
526 523 714 606 Apollonius
735 523 795 584 Rh.
818 526 973 604 1V,778.,
995 549 1056 588 uec
1078 528 1118 592 de
1147 531 1210 592 alio

66 629 221 713 cogitavit
241 630 371 690 Taetaes
392 628 432 690 ad
452 627 614 714 Lycophr.
634 629 705 696 738.
728 632 847 691 Contra
864 631 903 691 ad
919 634 1051 694 tertium
1066 635 1211 714 Aeolum,

64 717 286 819 pronepotem
307 736 479 820 Hippotae,
502 737 629 798 Ulixem
656 729 779 797 v'enisse
813 725 981 825 Eustathio
1017 747 1100 801 teste
1131 741 1152 805 l.
1182 761 1209 801 c.

63 840 269 925 Asclepiades
291 843 500 924 (Myrlcanus,
521 851 558 902 ut
578 840 716 919 videtur,
739 852 766 906 tr
785 848 822 924 τῷ
843 846 1014 923 ὑπομνήματι
1044 850 1092 922 τῆς
1108 846 1209 909 Ὀδυσ-

62 957 146 1023 σείας,
167 948 230 1012 vid.
249 948 386 1031 Etymol.
407 952 448 1011 Μ.
464 948 495 1008 in
515 950 736 1033 vocedpvatog)
748 949 933 1012 tradiderat.
951 951 1084 1012 Servius
1095 958 1212 1028 autem,

62 1055 105 1116 ad
126 1048 217 1137 Virg.
248 1056 327 1115 Aen.
351 1056 373 1131 l,
393 1056 443 1119 52.
463 1062 537 1135 post
558 1056 649 1115 Aeoli
670 1056 869 1116 mentionem
885 1057 1010 1133 factam,
1029 1073 1130 1140 poetae
1146 1062 1211 1140 qui-

61 1169 145 1240 dem,
180 1161 295 1242 inquit,
326 1166 408 1226 hunc
434 1175 590 1225 uentorum
619 1187 678 1225 essa
703 1186 799 1245 regem
815 1173 947 1246 fingunt,
978 1168 1131 1246 Hippotae,
1156 1166 1225 1228 sive·

61 1271 153 1344 Iovis,
174 1270 230 1332 sice
249 1271 380 1349 Neptuni
388 1269 503 1348 filium:
525 1265 617 1343 (lovis
636 1266 736 1325 lilium
748 1287 852 1344 nemo,
867 1275 902 1327 nt
921 1277 1014 1350 puto,
1027 1267 1214 1346 tradiderat,

64 1372 134 1451 sed,
158 1372 338 1449 filiolovis,
362 1372 496 1432 Hellene
518 1379 625 1431 ortum
647 1372 821 1449 nonnulli.)
849 1378 919 1457 Qui,
939 1398 1021 1445 ,cum
1048 1378 1211 1440 immineret

63 1485 189 1555 bellum,
210 1502 266 1561 quo
290 1483 470 1565 Tyrrhenus,
491 1480 592 1558 Lipmi
608 1482 724 1558 frater,
746 1470 977 1561 Peloponnesum
1005 1499 1118 1547 uastare
1142 1506 1214 1567 pro-

60 1593 215 1671 posuisset,
238 1590 340 1649 missus
366 1589 403 1647 ab
426 1587 657 1665 Agamemnone,
684 1597 716 1645 ut
737 1587 824 1663 freta
853 1599 994 1666 tueretur,
1020 1595 1148 1670 pervertit
1172 1597 1213 1653 ad

60 1686 218 1775 Liparum,
249 1694 301 1771 qui
318 1713 408 1773 supra
431 1693 526 1752 dictas
545 1693 658 1752 imulas
677 1694 791 1770 regebat
811 1694 941 1773 imparia,
957 1679 1105 1776 sactapue
1136 1700 1213 1758 ami-

59 1802 135 1863 eiua
157 1799 290 1883 Cyanam
301 1801 402 1877 filiam
422 1800 482 1860 cius
501 1799 535 1858 in
556 1800 742 1860 matrimonio
761 1801 874 1874 sumsit,
882 1811 910 1861 at
925 1803 1114 1890 Strongylam
1132 1806 1216 1865 insu-

63 1911 142 1981 lam,
163 1907 195 1965 in
217 1925 274 1984 quaa
295 1916 436 1977 maneret,
456 1905 573 1979 accepit.
597 1900 685 1960 ldem
706 1921 784 1961 vero
805 1902 932 1963 Servius
954 1901 995 1963 ad
1017 1910 1093 1964 Aen.
1116 1905 1140 1981 l,
1162 1905 1213 1971 75.

67 2015 213 2076 Canacen
233 2022 261 2072 et
279 2010 501 2081 lllacaream,in
520 2031 550 2070 se
569 2011 691 2072 invicem
707 2012 1022 2090 turpissimossratres,
1039 2015 1214 2093 acalauius,

60 2123 120 2183 sed
140 2118 259 2179 odarius
278 2119 454 2196 Aeolifllios
474 2112 580 2189 fuisse,
602 2114 726 2173 narrari
748 2113 910 2195 perhibet.
939 2113 1102 2175 Diodorus
1131 2135 1214 2198 qno-

63 2244 133 2306 que
156 2222 196 2283 V.
217 2242 244 2282 e.
265 2219 295 2286 6.
317 2218 420 2295 Aeoli,
443 2217 564 2300 Cyanes
585 2218 702 2294 mariti,
724 2238 774 2279 scr
789 2239 924 2280 numero
940 2219 1019 2280 lilios
1033 2240 1213 2296 recensens,

63 2330 193 2392 nullum
216 2327 248 2386 in
271 2325 318 2386 his
340 2326 448 2386 locum
468 2323 584 2385 tribuit
604 2326 762 2387 Macareo.
791 2325 886 2387 Hunc
914 2348 993 2388 vcro
1021 2326 1113 2387 Aeoli
1142 2322 1214 2408 (sed

60 2435 197 2511 cuiusl)
219 2441 252 2493 et
272 2431 494 2514 Amphithene,
515 2452 578 2491 non
603 2434 725 2514 Cyanes
748 2432 849 2494 filium
874 2432 1066 2515 prodiderat
1086 2431 1212 2493 Sostra-

59 2551 129 2618 tus,
151 2537 294 2600 secundo
317 2559 426 2599 rerum
447 2536 729 2619 Tyrrhenicarum,
750 2548 943 2600 memoratus
965 2561 983 2598 a
1011 2535 1211 2618 Pseudoplu·

59 2645 182 2710 tarcbo
210 2648 278 2727 Περὶ
292 2647 467 2726 παραλλήλων
487 2647 648 2720 Ἐλληναῶν
668 2642 726 2707 28.
745 2650 787 2702 et
814 2644 955 2705 Stobaeo
982 2644 1083 2705 Serm.
1109 2645 1209 2704 L'Xll·

58 2775 96 2835 p·
132 2747 204 2816 404.
240 2757 351 2822 Αἴολος·
375 2750 434 2831 (ita
458 2747 587 2831 quidem
611 2746 835 2830 Pseudoplut.)
871 2752 926 2810 τῶν
958 2750 1026 2812 κατὰ
1060 2755 1211 2829 repentae
1237 2731 1242 2734 ¹

55 2859 199 2938 βασιλεὺς,
220 2859 293 2933 ἔσχεν
314 2857 508 2934 amaseni
525 2860 682 2935 θυγατέρας
701 2856 736 2923 ἕξ,
756 2858 800 2916 uui
814 2862 889 2925 ἴσους
910 2854 1031 2936 ἅρῤενας.
1060 2860 1211 2940 Μακαρεὺς.

58 2971 96 3028 δὲ
115 2967 133 3026 ὅ
155 2966 284 3035 νεώτατος
304 2962 501 3042 (πρεσβύτατος
522 2959 641 3020 dicitur
659 2958 815 3039 Stobaeo)
835 2963 913 3042 ἔρωτι
933 2963 1044 3043 ἔφθειρε
1061 2967 1133 3039 plur
1144 2961 1211 3050 (ds

57 3077 156 3131 serta
183 3069 329 3127 Canacen
352 3065 725 3143 αοωίααῑδλο])αααε)ἦ
747 3069 905 3150 dinastiae
931 3067 1047 3143 ἐκύησεν·
1077 3073 1212 3147 suasoriae

58 3182 96 3238 δὲ
118 3178 166 3238 καὶ
185 3179 263 3252 εἷφας
284 3177 457 3251 πεμφθέντος
482 3173 536 3233 ὕπὸ
563 3176 595 3233 aii
620 3173 731 3254 πατρὸς,
759 3171 1011 3255 ἴαυμονςκρλνασα,
1039 3176 1136 3251 ἑαυτὴν
1156 3180 1211 3235 δα-

52 3283 198 3364 χρήσατο,
217 3280 316 3357 ὁμοίως
334 3283 364 3339 dl
382 3281 428 3340 uui
448 3280 463 3339 ὃ
484 3279 858 3361 ΜακαρεύςῇὥςΣῶστρατος
871 3285 1017 3363 nemean
1035 3285 1213 3363 Ταρῤηακῶν.

60 3386 156 3445 Ηίαο
178 3384 323 3460 restitue,
345 3404 426 3465 quae
448 3381 487 3443 dc
509 3383 683 3466 puerperio
705 3391 738 3444 et
758 3391 862 3444 morte
885 3385 1023 3445 Canaces
1041 3406 1077 3445 ex
1101 3382 1215 3445 eodem

58 3498 205 3551 auctore
227 3490 418 3552 adnotatae
445 3491 584 3551 Stobaeo
608 3499 790 3573 temporum
818 3490 934 3551 iniuria
968 3490 1213 3552 interciderunt.

55 3596 179 3662 Verba
211 3606 319 3657 autem
355 3597 407 3657 illa
433 3604 526 3675 ξίφους
554 3625 584 3659 π.
610 3622 635 3658 α.
662 3623 687 3658 τ.
704 3621 733 3657 π.
763 3596 864 3676 ἄνομον
891 3601 1004 3680 κρίνασα
1036 3605 1125 3659 recte
1156 3618 1211 3678 ex·

55 3703 221 3789 pressisse
243 3702 373 3765 videtur
393 3702 565 3765 Beroaldus
586 3701 626 3762 ad
646 3703 777 3763 Sueton.
794 3702 867 3761 Ner.
891 3721 917 3761 e.
940 3704 989 3767 21.
1012 3702 1074 3762 lroc
1095 3700 1209 3761 modo:

51 3821 160 3881 Pater
177 3812 277 3893 itaqua
290 3815 376 3893 filiae
392 3816 483 3874 arietat
504 3835 612 3888 samm,
641 3833 698 3891 quo
726 3822 843 3891 accepto
869 3811 923 3871 illa
950 3832 1013 3872 rem
1030 3811 1212 3900 flagitiosam
1292 3891 1297 3898 ἢ

50 3922 231 4000 ιἠιαλλιζαα
251 3930 315 3992 eta,
337 3915 592 3997 conspirantibus
609 3914 772 3974 Ouidianis
794 3912 825 3972 h.
841 3912 942 3995 Epist.
963 3934 992 3972 v.
1014 3916 1063 3977 95.
1079 3920 1113 3971 et
1123 3931 1211 4003 seqq.

52 4030 97 4089 In
129 4042 266 4083 numero
290 4022 467 4082 liberorum
491 4021 579 4082 Aeoli
602 4017 857 4081 consentientem
880 4039 952 4078 cum
976 4016 1117 4096 Homero
1151 4016 1212 4074 So-

21 4183 25 4190 .
46 4135 203 4195 stratum
223 4126 379 4207 videmus,
407 4124 500 4212 quod
517 4148 556 4188 eo
577 4124 674 4210 magis
697 4123 884 4202 notandum,
907 4123 1057 4206 quoniam
1078 4121 1112 4181 in
1135 4121 1212 4183 reli-
