2709 4675
231 0 330 58 Et
375 0 596 57 nnmis
645 0 1182 84 audaces'gens
1231 0 1452 55 habet
1505 0 1638 56 ista
1687 0 1891 58 deos.

2254 0 2399 63 100

142 97 396 182 Parce,
425 119 720 195 precor,
742 91 1168 193 famamque
1198 92 1467 167 domus
1496 93 1703 183 mihi,
1748 97 2033 169 crimen
2062 92 2400 167 habentis

224 202 610 311 Perfidiae,
664 203 954 301 gemina
1003 229 1098 274 ne
1148 226 1426 303 preme,
1481 202 1692 291 dura,
1748 219 1941 278 nota.

135 314 463 386 Excuset
509 325 800 413 patrem
848 311 1014 385 fatis
1067 313 1142 385 in
1191 326 1400 412 parte
1451 313 1709 387 relicta

232 420 537 497 Gnosis:
587 445 740 495 non
789 422 1054 511 merui,
1107 447 1248 496 our
1293 421 1495 496 ferar
1544 424 1696 523 ipse
1746 448 2060 517 nocens3

138 632 218 703 de
259 639 776 781 ngophoontis
819 637 1088 723 perfidia
1123 659 1235 702 co-

181 725 308 784 itan
359 746 414 783 o.
1224 756 1227 760 <

138 747 176 808 g
215 804 314 870 97.
356 809 452 870 Sic
487 817 738 884 perstes,
801 809 1080 864 attamen
1140 803 1233 864 sio

139 885 355 968 potius
461 891 690 959 erstes,
758 903 842 943 sc.
916 882 1234 966 perfidum

139 987 240 1027 me
285 987 396 1028 ore
448 986 578 1042 ens,
608 986 796 1046 quam
830 965 1103 1025 ulterior
1130 986 1232 1026 me

139 1048 218 1109 de
264 1056 331 1108 te
370 1045 562 1107 dolor
603 1054 840 1128 tangat.
905 1047 1122 1107 Innuit
1164 1067 1233 1109 e-

142 1129 273 1191 nim
318 1134 379 1192 la
420 1152 569 1192 aeos.

214 1209 316 1276 98·
408 1229 506 1270 en·
535 1202 742 1275 14862
779 1223 1028 1291 pectore,
1069 1218 1134 1269 et
1175 1231 1231 1268 v.

136 1312 303 1372 seq-t
353 1296 501 1369 fata
558 1293 814 1354 minoris.
901 1288 999 1349 Ad
1044 1311 1101 1349 v.
1131 1290 1231 1356 99.

139 1371 308 1433 conf.
355 1373 474 1435 Ov.
521 1370 721 1452 Epist.
783 1370 1028 1446 11,141.
1075 1369 1211 1436 142.

220 1455 361 1520 100.
418 1457 590 1516 Deos.
655 1451 793 1533 Ego
850 1452 1021 1510 illam
1079 1450 1235 1512 deo-

145 1556 286 1594 rum
345 1533 672 1594 audaciam
745 1533 1062 1593 confiteor
1132 1552 1234 1593 me

142 1637 266 1675 non
315 1614 691 1697 intelligere.
735 1613 957 1674 Plures
1001 1634 1233 1690 versus,

143 1719 287 1756 cum
335 1696 562 1779 quibus
605 1693 711 1753 hic
753 1716 968 1755 versus
1001 1694 1236 1756 cohae-

141 1777 318 1853 serit,
356 1785 517 1859 puto
561 1774 880 1836 excidisse.
940 1776 1109 1835 Olim
1154 1773 1233 1836 de

142 1858 393 1918 Baccho
419 1858 808 1939 cogitabam3
838 1878 1053 1917 verum
1081 1856 1235 1938 quid

142 1948 272 1999 tum
323 1947 487 1998 esset
528 1936 685 1997 illud
719 1942 830 2002 ista
849 1941 1034 2020 gens?
1073 1940 1234 1998 Bur-

139 2041 406 2080 mannus
451 2041 596 2080 cum
640 2020 914 2079 Francio
968 2019 1237 2101 putabat

141 2109 374 2179 manus,
419 2108 482 2161 et
519 2100 938 2182 periculosius
985 2109 1050 2161 et
1082 2122 1235 2161 con-

142 2182 343 2243 textui
385 2203 612 2263 parum
658 2181 1139 2242 convenienter.

160 2294 167 2300 ·
225 2268 364 2331 101.
419 2269 789 2346 Famamque·
886 2263 991 2325 Sic
1054 2270 1232 2324 recte

136 2347 408 2429 Nauger.
449 2346 726 2427 primum
770 2343 964 2405 dedit.
1006 2347 1234 2419 Vena„

137 2426 295 2505 Atd„
343 2427 514 2490 Bas.:
534 2439 945 2510 flammasque.
976 2428 1122 2489 Mic.
1169 2436 1235 2487 et

97 2569 100 2575 ,
143 2510 892 2591 Bersm.=flammamque.
913 2508 1042 2568 Pro
1088 2514 1239 2573 mihi

136 2595 356 2653 crimen
424 2590 714 2649 Heinsius
761 2589 1070 2650 malebat:
1114 2598 1233 2655 iam

137 2676 382 2746 crimen,
409 2673 508 2731 vel
535 2676 690 2735 male
728 2667 950 2736 crimen
1002 2677 1238 2737 habenti

140 2758 414 2823 (habenti
473 2760 568 2813 est
627 2753 694 2811 in
751 2751 909 2811 Ven.
980 2749 1226 2828 1486.);

134 2831 568 2895 Burmannus:
604 2839 778 2898 modo
796 2838 1033 2898 crimen.
1064 2826 1232 2894 Fruss·

136 2921 374 2990 stra,ut
414 2915 569 2975 mibi
613 2915 885 2979 videtur.
924 2917 1234 2975 Constru-

137 2995 400 3056 endumz
434 3004 645 3075 Parce,
664 3022 891 3081 precor,
918 3022 1104 3079 neque
1120 3004 1239 3079 sa-

135 3104 292 3141 mam
333 3086 545 3142 domus
585 3105 768 3157 meae,
822 3103 969 3162 quae
1006 3085 1230 3144 crimen

129 3165 404 3240 perfidiae
442 3163 749 3241 (propter
811 3159 1133 3220 Ariadnen
1192 3184 1228 3222 a

132 3250 316 3319 patre
365 3243 426 3300 in
471 3242 642 3301 Naxo
686 3243 1006 3315 relictam)
1034 3248 1226 3322 habet,

1437 641 1575 707 103·
1614 644 1889 706 Excuset.
1928 642 2275 722 Receptam
2317 642 2408 701 ie-

1315 721 1593 782 ctionem
1651 721 1847 782 Aldus
1890 722 2169 804 primum
2213 743 2409 806 repo-

1316 804 1460 862 suit.
1505 806 1666 865 Ven.
1711 802 1924 870 1486.:
1969 809 2201 869 relicta:
2243 809 2409 870 Gno-

1322 889 1448 948 side
1489 911 1608 949 non
1649 890 1849 949 merui.
1892 910 2028 949 cum
2047 892 2254 963 frater
2290 890 2410 968 ipse

1312 989 1500 1031 noces.
1539 966 1699 1026 Veu.
1745 967 1958 1031 1492:
2002 972 2203 1031 relicta
2244 972 2408 1032 Gno-

1311 1052 1464 1111 side:
1507 1073 1627 1111 non
1666 1052 1871 1123 merui,
1912 1071 2048 1112 cum
2070 1053 2251 1128 ferar
2288 1054 2406 1125 ipse

1313 1152 1542 1194 nocens.
1583 1131 1801 1212 Margo
1845 1130 2114 1189 Bersm-=
2156 1133 2408 1194 Aceuset

1308 1234 1368 1292 p.
1386 1216 1541 1289 satis
1567 1216 1933 1293 praedaeque
1971 1211 2187 1274 ”relicta
2239 1214 2407 1275 Gno-

1282 1315 1387 1353 -ειε
1427 1306 1531 1355 etc.
1577 1291 1983 1351 Constructio
2027 1291 2241 1372 paullo
2286 1293 2408 1350 im-

1312 1371 1618 1452 peditior,
1662 1371 1837 1431 cuius
1878 1370 1983 1431 hie
2028 1380 2123 1431 est
2177 1392 2403 1431 nexus:

1314 1452 1607 1529 „Relicta
1675 1453 1899 1512 Gnosis
1961 1460 2216 1513 excuset
2288 1474 2403 1534 pa-

1316 1542 1483 1593 trem
1540 1534 1849 1616 in‘parte
1895 1533 2122 1604 fatis;“
2188 1554 2402 1594 sensus

1315 1623 1530 1675 autem
1589 1613 1996 1676 huiusmodi:
2055 1613 2404 1691 „Ariadne,

1362 1697 1491 1757 uod
1534 1697 1615 1757 sit
1656 1696 1878 1756 relicta
1922 1718 1956 1755 a
1995 1705 2179 1779 patre
2237 1718 2407 1773 meo,

1314 1719 1491 1838 iilum
1536 1780 1596 1837 in
1642 1787 1825 1859 parte
1868 1798 2162 1839 excusare
2191 1786 2409 1859 potest

1314 1858 1553 1929 fatis;“
1612 1856 1923 1938 siquidem
1966 1864 2137 1923 illum
2192 1865 2406 1923 dilecta

1311 1944 1582 2005 Bacchus
1623 1945 1730 2003 sibi
1776 1946 1978 2003 cedere
2036 1944 2195 2004 iussit
2246 1945 2406 2005 Con-

1311 2026 1455 2103 iuge.
1500 2021 1675 2099 (vid.
1732 2042 1797 2079 su
1855 2042 1920 2078 ra
1966 2042 2019 2079 v.
2060 2024 2159 2085 51.
2217 2022 2402 2080 Conf.

1319 2104 1509 2162 etiam
1552 2101 1763 2162 Schol.
1866 2100 2137 2161 heocrit.
2177 2100 2255 2161 ad
2306 2099 2394 2161 ld.

1315 2186 1391 2259 11,
1434 2185 1568 2263 45.)
1630 2186 1847 2264 ltaque
1905 2183 2183 2243 fatorum
2243 2183 2298 2242 le
2347 2184 2399 2241 i-

1312 2266 1429 2325 bus
1473 2285 1544 2324 ac
1603 2263 1852 2324 divinae
1908 2264 2223 2323 voluntati
2287 2205 2406 2324 (ᾗ)-

1314 2355 1680 2428 temperare
1718 2346 1994 2427 quamvis
2026 2346 2256 2406 invitus
2289 2345 2403 2405 de-

1312 2428 1473 2488 buit.
1519 2428 1673 2488 Inde
1718 2437 1929 2487 tamen
1976 2433 2199 2492 crimen
2237 2432 2406 2491 subiit

1309 2517 1566 2574 desertae
1582 2506 1739 2588 (vid.
1783 2530 1972 2590 supra
2018 2531 2072 2567 v.
2101 2511 2254 2583 52),
2281 2530 2399 2569 no·-
2431 2583 2435 2588 ι

1313 2612 1462 2652 cens
1511 2600 1604 2651 est
1654 2588 1904 2649 babitus
1963 2589 2039 2650 ab
2100 2589 2400 2664 Ariadna,

1314 2693 1476 2754 quae
1521 2697 1800 2737 excusare
1832 2692 1997 2746 eum,
2042 2672 2157 2731 nisi
2195 2672 2403 2731 omni-

1313 2774 1419 2829 ne,
1464 2762 1640 2814 certe
1680 2759 1745 2818 in
1777 2767 1945 2836 parte
1986 2751 2265 2813 debebat
2284 2759 2403 2833 sa-

1313 2842 1401 2899 tis·
1438 2834 1521 2893 At
1566 2855 1681 2918 ego
1729 2833 2006 2917 quidem,
2036 2835 2245 2916 inquit
2269 2837 2404 2894 De-

1315 2914 1667 2998 mophoon,
1709 2937 1971 2999 prorsus
2018 2937 2143 2975 non
2173 2917 2401 2991 merui,

1319 3019 1440 3058 eur
1464 3019 1698 3058 nocens
1724 2999 1913 3057 ferar.
1937 3002 2013 3061 In
2042 3012 2209 3080 parte
2228 2997 2400 3057 idem

1312 3088 1448 3155 est,
1510 3075 1683 3160 quod
1752 3079 1960 3159 aliqua
2038 3100 2110 3139 ex
2192 3087 2398 3160 parte.

1313 3162 1581 3238 Quintil.
1634 3161 1711 3222 V.
1770 3181 1824 3219 e.
1878 3161 1935 3227 7.
2004 3167 2399 3226 Patr-ortorum

1308 3249 1370 3308 in
1411 3258 1576 3325 parte
1615 3247 1952 3326 expeditior,
1986 3248 2049 3306 in
2083 3257 2249 3325 parte
2274 3247 2398 3322 dif-

127 3347 208 3401 ge
223 3327 318 3385 mi
327 3348 419 3386 na
463 3329 579 3396 (so.
638 3332 709 3383 ut
767 3346 909 3385 mea
967 3344 1222 3406 quoque
1284 3331 1510 3406 finitior
1548 3328 1915 3405 interrogatio
1954 3340 2052 3389 est.
2095 3330 2401 3388 Excusare

135 3405 467 3485 culpetur)
558 3409 708 3470 mihi
789 3423 929 3471 nota
1005 3432 1219 3486 preme.
1304 3412 1562 3488 aliquem
1620 3410 1820 3486 aliqua
1874 3431 1937 3469 re
1987 3404 2231 3486 phrasis
2300 3412 2397 3466 est

133 3484 292 3548 Vcn.
336 3483 546 3555 1485:
586 3488 1113 3570 gemine-notae·

1305 3487 1646 3550 notissima.
1693 3487 1836 3552 Vid.
1879 3487 1995 3547 Ov.
2040 3486 2231 3550 Trist.
2291 3487 2394 3561 11¹,
