2709 4675
69 275 74 282 ,
173 203 276 268 xvm

174 417 327 509 neque
346 404 501 476 tamen
522 414 774 505 nunquam
792 382 973 497 accidit,
997 406 1053 476 ut
1080 419 1133 476 er
1162 419 1322 481 corru-

172 527 383 652 ptissima
406 546 553 650 atque·
573 522 868 613 vitiosissima
897 523 1125 650 scriptura
1145 528 1322 622 codicis

172 665 372 758 alicuius
395 695 496 787 vera
524 683 665 794 atque
688 662 893 787 genuina
911 687 1070 787 poetae
1087 663 1319 761 eliciatur.

172 805 404 926 Denique,
440 802 569 923 quod
602 799 722 892 salva
753 799 1022 927 diligentiae
1045 802 1191 898 laude
1228 807 1322 899 hu·

176 946 250 1037 ius
278 943 367 1035 viri
403 940 616 1051 dixerim,
643 973 788 1065 pauca
815 941 958 1031 ctiam
991 942 1041 1033 in
1074 977 1122 1034 ea
1143 930 1321 1039 'minus

175 1104 383 1175 accurate
407 1078 640 1206 proposita
665 1079 708 1198 *)
744 1080 1023 1204 reperiebam
1037 1116 1057 1188 ;·
1075 1106 1121 1176 et
1148 1091 1323 1178 certior

176 1255 277 1315 mea
299 1220 544 1312 videbatur
573 1218 704 1330 ratic,
723 1252 817 1342 qua
844 1220 932 1310 Xll
966 1219 1159 1314 illorum
1190 1227 1322 1318 codi-

38 1393 42 1404 ·
89 1378 90 1382 '
175 1395 286 1468 cum
309 1361 574 1452 varietatem
594 1358 653 1449 ab
674 1356 879 1481 reliquis,
892 1359 1124 1485 plerisque
1145 1386 1323 1460 utcun-

176 1534 269 1625 que
302 1498 490 1610 collatis,
526 1498 852 1618 secernendum
889 1521 1151 1591 statueram

244 1639 334 1734 Sed
370 1639 549 1731 mirum
585 1636 834 1750 videbitur,
871 1671 967 1749 cur,
988 1671 1097 1730 cum
1133 1640 1320 1766 plenio-

176 1813 277 1872 rem
318 1779 491 1870 horum
535 1763 802 1903 carminum
848 1776 1104 1869 editionem
1160 1782 1322 1902 inten-

175 1922 292 2042 disse
339 1941 390 2009 et
427 1938 576 2008 textus
622 1916 911 2018 recensendi*
939 1949 1119 2008 munus
1166 1953 1321 2013 susce-

110 2102 112 2108 ·
173 2059 292 2186 pisse
326 2089 402 2148 me
437 2055 649 2168 dixerim,
667 2087 767 2145 non
805 2057 1155 2147 maiores-mihi
1187 2062 1320 2153 codi-

177 2230 301 2309 cum,
331 2195 415 2318 qui
453 2216 585 2286 tanto
621 2226 820 2285 numero
859 2195 910 2285 in
947 2197 1134 2292 diversis
1167 2196 1322 2293 Euro-

175 2371 259 2465 pae
294 2334 560 2462 regionibus
594 2356 785 2446 exstant,
823 2321 974 2460 copias
1007 2359 1159 2459 atque.
1180 2339 1323 2441 adiu-

175 2499 335 2570 menta
370 2475 588 2601 pararim
621 2476 800 2566 Verum
834 2475 1048 2598 primum
1081 2501 1327 2572 accuratae

150 2617 392 2709 ,codicum
427 2613 693 2706 collationes
728 2647 812 2740 pcr
832 2613 946 2705 alios
971 2613 1187 2707 homines
1214 2649 1324 2713 non

169 2754 307 2848 -sacile
325 2776 684 2879 comparantur,
720 2753 833 2874 quia
867 2777 1044 2879 praeter
1086 2789 1324 2883 magnum

150 2896 321 3001 ,huius
354 2894 524 2986 laboris
561 2890 822 2985 molestiam
866 2893 1047 2986 multus
1090 2897 1148 2988 ad
1193 2897 1327 2993 hene

174 3034 259 3129 illo
288 3034 473 3160 negotio
502 3032 796 3158 lungendum
820 3066 937 3158 opus
964 3058 1029 3126 est
1057 3057 1102 3126 et
1132 3069 1243 3126 usus
1273 3050 1339 3132 et*

164 3174 433 3269 ‘exercitatio
463 3175 662 3264 ietustos
692 3173 867 3265 codices
889 3175 1140 3282 tractandi;
1166 3207 1326 3297 quan-

168 3348 320 3443 ·quam
339 3312 429 3405 hoc
463 3312 645 3403 fortasse
668 3300 835 3439 parum
857 3313 976 3404 valet
998 3316 1056 3405 ad
1079 3315 1323 3419 rationem

166 3642 231 3721 λθ)
252 3634 300 3697 Ad
321 3632 483 3715 Epistolae
506 3630 636 3714 quidem
655 3630 901 3691 xv11.versum
921 3628 972 3698 ll.
994 3636 1025 3694 in
1054 3654 1188 3696 numero
1220 3638 1327 3702 eodi-

250 3738 334 3791 cum,
358 3715 412 3797 qui
434 3714 584 3776 exhibent
604 3713 774 3773 lectionem
793 3729 890 3794 putas,
904 3713 993 3777 deest
1013 3715 1113 3777 codex
1138 3717 1324 3784 Helmstad.

255 3797 304 3859 Ad
326 3819 352 3858 v.
375 3795 442 3862 126.
466 3796 542 3855 lalrn
565 3792 654 3854 dedit
676 3794 805 3858 meliores
826 3794 946 3855 Heinsii
974 3804 1097 3872 cortices,
1124 3797 1178 3857 ubi
1208 3799 1324 3863 Hein-

255 3880 317 3942 sius
339 3878 406 3959 ipse
427 3875 525 3938 hahet
544 3882 631 3941 multi
649 3880 768 3940 codices
789 3875 892 3936 Versu
918 3877 985 3944 197.
1007 3876 1137 3937 alahno
1160 3881 1324 3948 omissum

255 3968 318 4022 est:
341 3953 504 4039 quidam
525 3954 704 4017 codices:
725 3971 829 4038 tangor
849 3962 982 4022 letalibus
1005 3965 1076 4023 istis·
1104 3956 1175 4018 vid.
1200 3958 1323 4028 Heius.

158 4079 167 4085 -
254 4047 362 4103 annot.
384 4036 424 4098 ad
445 4058 473 4097 v.
492 4034 544 4104 44.
566 4037 686 4111 Ibidem
697 4039 825 4098 Douzae
839 4037 938 4098 codex
951 4039 1093 4100 exhibet:
1114 4064 1174 4103 non
1187 4047 1327 4125 irascor,

253 4143 330 4197 aron,
358 4128 394 4179 ut
425 4118 500 4178 lalrn
528 4117 633 4196 dedit,
662 4122 737 4183 nihil
762 4123 880 4183 irascor.
918 4120 956 4179 V.
982 4121 1051 4186 25&
1093 4121 1168 4182 lalm
1203 4122 1323 4189 dedit:

256 4209 375 4291 quidam
390 4207 487 4279 codd,
507 4201 671 4264 ubimulti
687 4206 774 4265 codd,
794 4197 971 4283 legendnm.
