2709 4675
158 250 234 314 xiv
277 236 289 276 '·

219 435 383 528 -Codex
396 421 692 549 ErfurtensiS‚
707 435 1100 548 membranaceus,
1112 436 1196 558 qui
1217 470 1302 533 ser·

159 600 295 670 vatur
336 578 386 668 in
424 567 710 668 bibliotheca
751 575 928 701 collegii
974 575 1300 701 bmploniani.

157 716 278 810 Satis
305 738 513 810 accurate
536 717 616 807 bic
646 718 787 808 codex
817 715 1017 841 scriptus
1049 739 1134 829 est,
1169 718 1303 812 cuius

158 880 277 948 aetas
313 859 371 948 ad
398 856 635 948 saeculum
673 856 797 948 Xlll.
833 857 1073 988 adsurgere
1100 855 1302 949 ridetur.

103 1029 118 1072 -·
138 997 401 1096 'Lectiones
430 997 657 1088 variantes
691 996 859 1121 passim
891 994 1143 1122 adscriptae
1175 1021 1302 1090 sunt.

159 1136 249 1229 Sed
275 1135 476 1228 mutilus
498 1147 605 1228 (ψ

229 1275 415 1367 Horum
445 1277 615 1402 optimi
639 1299 754 1368 sunt
772 1271 1024 1370 Gothanus
1050 1278 1233 1400 primus
1256 1300 1305 1371 et

160 1415 441 1542 Dresdensis.
483 1414 594 1508 Duo
633 1416 802 1539 reliqui
827 1447 912 1506 nec
931 1415 1087 1539 primo
1115 1448 1199 1508 nec
1223 1409 1304 1544 po-

160 1578 331 1648 stremo
355 1556 514 1649 ordini
545 1557 828 1648 accensendi.

229 1695 302 1787 De
331 1695 609 1788 duodecimo
636 1697 793 1788 codice
830 1698 881 1787 in
912 1692 1008 1802 fine
1026 1696 1171 1788 buius
1188 1693 1300 1788 libri

162 1835 355 1927 dicetur.
458 1875 471 1902 -·
970 1959 973 1964 x
1030 1831 1034 1838 ⁴

230 1977 314 2068 His
343 1977 611 2092 adiecimus,
644 2012 758 2103 quas
789 1979 915 2071 idem
942 1979 1015 2070 Fr.
1046 1976 1304 2103 Heusinger

159 2113 214 2205 in
249 2117 410 2207 eodem
447 2117 607 2209 libello
634 2117 814 2245 publici
846 2153 956 2211 usus
993 2118 1113 2229 lecit,
1148 2117 1303 2250 copias

104 2246 108 2258 ¹
161 2255 369 2348 duorum
406 2257 622 2351 codicum
656 2256 1008 2372 Gudianorum,
1054 2256 1198 2350 varias
1240 2251 1302 2348 le

160 2397 337 2488 ctiones
358 2397 590 2523 Epistolae
618 2402 717 2495 XV.
743 2401 1048 2491 continentes.
1067 2384 1298 2490 Suntau·

161 2557 257 2627 tem
285 2537 396 2628 baec
414 2539 702 2665 exemplaria,
722 2563 777 2631 ut
793 2539 1013 2665 pleraque
1029 2538 1175 2629 buius
1197 2536 1307 2663 Epi-

159 2675 313 2790 stolae‚
357 2710 510 2801 neque
543 2679 767 2806 singulari
818 2701 1041 2771 vetustate
1087 2676 1316 2802 insignia„

162 2847 369 2937 quorum
393 2819 525 2944 prius
550 2841 737 2911 auctore
757 2818 1306 2945 Heusingeroexaratum

161 2978 228 3047 est
262 2958 441 3049 saeculo
482 2958 663 3050 decimo
697 2961 846 3071 tertio,
886 2957 1088 3049 alterum
1123 2954 1307 3049 saeculo

162 3095 344 3189 decimo
369 3088 566 3221 quintu,
598 3122 644 3191 et
683 3121 910 3190 neutrum
942 3095 1173 3189 Ovidium
1198 3096 1309 3191 scri·

92 3261 95 3265 ’
160 3258 342 3360 ptorem
372 3239 522 3352 refert,
538 3241 614 3331 sed
634 3239 835 3331 alterurn
861 3239 964 3330 sine
994 3237 1127 3328 omni
1159 3233 1308 3327 titulo

162 3399 239 3489 ast,
260 3401 306 3469 et
330 3376 531 3469 alterurn
548 3379 614 3470 sic
637 3378 934 3471 inscribitur:
961 3373 1180 3509 Sapphus
1192 3407 1310 3508 poe·

162 3518 301 3609 turae
328 3514 394 3608 ud
408 3515 652 3610 Phaonem
678 3514 885 3611 Siculum
907 3512 1086 3609 libellus
1092 3510 1310 3644 feliciter

160 3656 334 3788 incipit.
363 3657 633 3780 Utrumque
665 3692 771 3750 vero
798 3658 1003 3749 aliorum
1035 3652 1310 3745 carminum

163 3796 401 3889 codicibus
431 3802 671 3907 annexum
696 3823 774 3911 est,
811 3796 881 3888 vel
912 3796 1069 3923 potius
1098 3790 1309 3886 aliorum

164 3935 380 4028 codicum
411 3961 592 4065 partem
630 3939 751 4031 facit.
788 3936 831 4058 *)

182 4192 218 4273 a)
240 4191 295 4252 Hie
317 4191 464 4254 codicum
483 4191 691 4253 varietatibus
715 4212 799 4251 nunc
818 4189 965 4272 poenitet
984 4210 1049 4249 nou
1069 4186 1228 4253 addidisse
1244 4214 1312 4268 me,

245 4294 326 4357 quae
346 4295 451 4359 nuper
471 4297 492 4335 a
511 4272 611 4334 lahuo
633 4275 665 4334 in
690 4271 831 4334 editione
852 4293 908 4333 sua
930 4271 1014 4355 Opp.
1037 4272 1095 4332 Or.
1117 4274 1314 4355 propositae
