2709 4675
143 246 203 308 111

141 429 407 524 Literarum
433 423 608 557 figurae
632 425 801 521 saeculi
832 426 1001 521 decimi
1028 427 1155 524 tertii
1185 409 1303 522 scri·

142 594 335 729 pturam
356 570 550 696 prodere
574 568 810 664 videntur
833 567 978 662 Index
996 569 1152 662 minio
1167 603 1302 696 prae·

140 710 342 835 scriptus
374 732 470 802 est.
520 708 699 841 Incipit
729 705 923 805 Ovidius
947 703 1298 843 Epistolarum

141 843 379 982 Penelope
422 847 474 942 U
472 843 571 942 liat
639 850 696 940 ln
733 845 830 942 fine
853 847 1074 942 librarius
1100 850 1299 944 adiecit:

141 983 355 1121 Erplrcit
388 986 583 1086 Ovidius
605 983 946 1122 Epistolaram.
990 989 1111 1084 Satis
1136 1021 1300 1082 emen-

142 1130 248 1223 date
260 1129 458 1252 quidem
471 1131 672 1257 scriptus
690 1153 757 1223 est
774 1128 855 1222 hic
868 1128 1010 1238 liber;
1028 1130 1298 1245 sedamen,

142 1293 200 1364 ut
242 1291 389 1360 aetate
419 1264 790 1399 Guelferbytano
821 1272 993 1397 primo,
1012 1270 1079 1363 sic
1107 1269 1302 1398 integri·

144 1409 255 1502 tatis
277 1406 416 1502 laude
450 1409 646 1502 inferior
666 1433 745 1503 est.
1037 1503 1039 1508 a

209 1549 280 1640 Ex
299 1550 458 1642 eadem
476 1538 701 1643 Gudiana
714 1547 998 1642 bibliotheca
1019 1551 1301 1676 depromtus

53 1741 58 1750 »
142 1711 209 1782 est
227 1690 379 1800 codex,
407 1721 551 1811 quem
571 1689 698 1781 tertii
719 1686 1077 1818 Guelferbytani
1093 1690 1300 1783 nomine

140 1862 169 1922 a
199 1828 394 1951 reliquis
417 1827 735 1921 discrevimus.
760 1827 959 1922 Saeculo
977 1832 1151 1952 quinto
1172 1830 1298 1922 deci·

141 2002 237 2082 mo,
266 1970 396 2091 quod
415 2000 469 2060 ex
496 1966 742 2068 literarum
771 1969 994 2061 ductibus
1011 1968 1295 2095 colligimus,

140 2108 195 2202 in
232 2108 378 2220 Italia,
416 2131 473 2201 ut
513 2141 567 2200 ex
598 2107 942 2235 epigrammate,
975 2111 1104 2232 quod
1145 2109 1196 2200 in
1233 2142 1294 2229 eo

140 2270 294 2362 exstat,
327 2247 564 2363 discimus,
599 2271 739 2342 natus
758 2271 845 2343 est.
902 2249 1294 2347 Membranarum

141 2391 341 2483 candore
372 2390 583 2511 quidem,
619 2390 863 2482 munditia
895 2390 1150 2523 scriptume
1187 2387 1295 2482 lite-

142 2561 413 2651 rarumque,
442 2529 618 2651 quibus
645 2529 882 2656 principia
916 2530 1184 2623 carminum
1222 2564 1293 2623 or·

142 2692 335 2782 nentur,
350 2693 621 2762 auratarum
644 2668 891 2795 splendore
914 2671 995 2769 bic
1020 2671 1160 2761 codex
1180 2670 1297 2763 insi·

141 2809 446 2936 guiternitct;
466 2811 543 2902 sed
557 2810 682 2901 idem
690 2809 1297 2935 vitiosedescriptus,neque

142 2949 497 3043 aberrationum
521 2951 678 3062 mode,
706 2951 783 3042 sed
802 2948 1080 3051 lacunarum
1099 2983 1295 3073 quoque

142 3088 460 3183 multitudine
486 3090 709 3181 deformis
737 3112 815 3182 est.
840 3145 973 3191 --.-
988 3144 1048 3161 —
1073 3090 1143 3181 Ex
1168 3091 1295 3183 anti-

141 3229 322 3352 quioris
341 3231 437 3320 aevi
461 3254 777 3322 monumento
792 3232 895 3323 sine
913 3229 1062 3322 dubio
1085 3230 1135 3321 in
1157 3228 1294 3322 hunc

143 3369 353 3462 codicem
372 3368 591 3463 translata
606 3393 671 3461 est
687 3371 798 3462 baec
812 3371 1097 3464 Ariadnaeae
1111 3369 1294 3494 Episto

143 3508 213 3601 lae
238 3508 546 3634 subscriptio:
575 3506 761 3643 Explzc.
784 3511 959 3644 Incipit
976 3509 1080 3602 ΙΙΙ.Ι
1100 3506 1294 3604 Canace

140 3652 371 3745 Macareo
404 3644 480 3742 lib.
512 3651 584 3742 ΙΙ.
628 3651 780 3743 Facile
804 3673 1003 3778 apparet,
1034 3649 1291 3743 librarium

139 3788 333 3902 vetusti‚·
364 3791 494 3912 quod
531 3792 832 3914 sequebatur,
872 3789 1144 3918 exemplaris
1189 3790 1291 3882 duo

139 3963 294 4025 versus
335 3931 599 4023 confudisse
641 3932 805 4054 ibique
842 3933 1071 4059 scriptum
1120 3930 1289 4023 luisse:
1341 4012 1343 4019 .

140 4066 327 4205 Eaplz‘c.
345 4064 420 4163 lib.
433 4070 506 4161 II.
527 4070 705 4204 Incipit
714 4071 810 4163 III
808 4142 818 4161 .
841 4069 1029 4167 Canace
1039 4072 1287 4164 Macareo,

140 4210 262 4307 Haec
285 4209 357 4305 ita
390 4209 579 4339 legenda
606 4244 709 4325 esse,
738 4235 1014 4342 argumento
1047 4234 1113 4339 est
1140 4210 1286 4305 etiam
