2709 4675
162 161 218 223 Lu
509 160 944 224 PROOEMIUM.

127 341 130 346 -
164 317 252 366 cum
278 294 396 396 Epist.
422 298 465 384 V,
494 294 574 386 140.

103 444 107 464 ·
192 495 201 508 ,
327 418 383 480 nte
406 443 488 484 meae
506 422 631 502 spolium
649 419 826 499 virginitatis
848 420 944 484 hebet,

269 522 457 608 1d=quoque
480 530 631 614 luctando·
653 556 693 569 -·

161 627 275 703 Ver-s.»
298 654 350 703 ro.
378 629 467 702 'cum
492 630 609 728 Epist.
628 627 733 715 XIV,
751 626 809 718 44.
825 640 861 697 et
884 625 982 697 Fast.
1007 625 1051 712 11,
1066 627 1167 726 787.;
1196 647 1294 695 vers.

167 747 246 820 183.
274 774 363 822 cum
386 751 469 822 Art.
495 751 538 821 A.
569 750 614 837 li,
642 750 725 848 360.
752 774 835 849 sqq.
861 745 957 830 ,Vide
984 746 1105 860 etiam,
1132 771 1180 817 an
1203 742 1297 817 Ori·
1341 761 1343 768 '

161 866 270 943 dium
294 897 468 972 agnoscas
494 872 533 945 in
559 897 628 944 vss.
655 876 874 955 eoo-2110„
906 894 983 966 129.
1016 868 1106 955 130,
1132 893 1193 967 97.
1220 868 1296 962 98„
1339 887 1342 892 “

162 990 246 1064 233.
271 993 354 1082 234.
784 985 786 990 ἵ
1340 978 1343 993 ’

238 1122 384 1221 Quodsi
410 1140 536 1201 autem
561 1125 625 1200 has
650 1140 727 1199 tres
761 1124 945 1226 Epistulas
971 1122 1188 1198 adiudicare
1221 1123 1298 1197 Na-

163 1248 242 1321 soni
268 1250 378 1332 certis
417 1275 461 1322 ac
485 1250 692 1351 perspicuis
725 1248 954 1348 argumentis
984 1246 1064 1319 fere
1097 1247 1298 1346 cogimur3

110 1415 115 1422 ·
163 1369 260 1471 quid
298 1369 477 1445 faciamus
520 1369 688 1472 reliquis,
729 1369 769 1480 in
805 1368 944 1470 quibus
978 1368 1109 1442 eadem
1149 1369 1298 1470 ubique
1339 1385 1343 1477 ss

164 1488 340 1594 Ovidiani
381 1494 517 1593 ingenii
555 1492 695 1566 indicia
728 1505 775 1594 et.
800 1490 943 1562 lumina
986 1490 1301 1590 conspiciuntur?

162 1609 258 1684 Nam
284 1611 387 1686 illam
411 1611 677 1705 difficultatem,
706 1614 745 1685 in
771 1638 846 1714 qua
872 1612 961 1685 olim
986 1610 1096 1684 vaide
1122 1638 1182 1684 me
1210 1610 1301 1684 hae-

165 1734 252 1808 sisse
271 1731 465 1824 confiteor,
492 1737 673 1808 nimirum
708 1733 813 1837 quod
838 1736 882 1808 in,
903 1735 959 1807 his
985 1748 1149 1835 quatuor
1173 1738 1302 1810 rarior

164 1854 333 1927 cernitur
358 1880 446 1929 usus
471 1855 632 1949 fabulae,
657 1884 763 1931 nune
793 1863 940 1930 certum
974 1869 1038 1944 est,
1072 1881 1148 1956 quo
1185 1882 1302 1955 expe·

164 1973 278 2065 diam,
307 2002 462 2077 quoque
491 1978 553 2051 ille
579 1979 780 2079 scrupulus
805 1977 915 2051 facile
940 1978 1060 2050 omnis
1086 1974 1301 2068 adimatur;

165 2096 271 2197 quod
298 2111 353 2169 est
378 2099 418 2172 in
442 2099 633 2173 sterilitate
658 2100 869 2200 argumenti
904 2124 946 2172 ao
970 2100 1157 2170 materiae.
1198 2097 1301 2174 Nam

165 2244 286 2319 quum
314 2246 384 2292 nec
410 2234 512 2294 tanta
536 2222 695 2322 patriam
722 2223 888 2297 claritate
914 2222 1015 2294 Hero
1041 2233 1078 2293 et
1104 2219 1297 2310 Leander,

163 2343 348 2417 Acontius
374 2340 410 2416 et
435 2343 606 2444 Cydippe
632 2339 823 2432 haberent,
840 2321 1018 2446 quantam
1036 2360 1100 2418 aut
1121 2343 1298 2418 Phaedra

164 2476 231 2536 aut
255 2464 397 2579 Helena
422 2466 619 2539 aut·Paris
651 2481 717 2539 aut
750 2467 926 2560 Theseus,
960 2493 1030 2540 nec
1064 2481 1118 2540 tot
1148 2467 1223 2540 fata
1250 2495 1299 2541 ac

164 2614 224 2664 res
250 2572 393 2690 generis
416 2603 529 2690 atque
553 2582 740 2663 maiorum
764 2590 935 2688 proferre
971 2604 1132 2692 possent,
1168 2586 1300 2693 neque

165 2708 215 2784 ad
241 2709 401 2811 deorum
424 2737 541 2812 genus
568 2711 754 2784 referrent
785 2714 917 2813 stirpes
950 2738 1046 2800 suas,
1083 2738 1205 2812 quum
1231 2710 1304 2785 de·

162 2835 280 2934 nique
307 2834 453 2934 reliqua
478 2834 575 2909 vitae
601 2847 792 2908 momenta
827 2860 960 2923 eorum
985 2860 1109 2934 neque
1135 2832 1302 2934 ‘copiosa

166 2968 203 3028 et
228 2954 277 3028 ad
301 2957 484 3052 poeticam
498 2958 759 3030 tractationem
774 2956 980 3045 fructuosa,
1003 2981 1127 3055 neque
1142 2955 1304 3043 omnino

166 3077 312 3177 cognita
327 3088 473 3149 ‘essentz
500 3079 600 3179 ipsae
614 3078 795 3181 personae
814 3079 863 3153 ad
880 3079 1022 3151 lumina
1036 3090 1149 3177 atque
1171 3076 1306 3176 spien-

166 3199 299 3275 dorem
324 3227 370 3274 ex
396 3197 547 3274 historia
573 3204 774 3303 repetitum
800 3214 837 3275 et
861 3199 910 3274 ad
934 3200 1149 3274 fabularum
1174 3202 1309 3299 cogni·
1341 3246 1342 3255 κ

166 3323 307 3396 tionem
340 3320 601 3396 ostentandam
638 3336 675 3395 et
718 3324 947 3426 antiquitatis
983 3323 1135 3396 scicntia
1159 3325 1311 3395 ,oratio-

166 3470 256 3519 nem
272 3447 378 3546 quasi
399 3444 653 3520 condiendam
674 3473 798 3547 neque
811 3448 1015 3535 materiam,
1029 3472 1153 3546 neque
1167 3472 1311 3545 oppor-

149 3570 366 3641 tunitatem
391 3570 704 3670 occasionemque
728 3568 970 3670 praebebant.
998 3568 1042 3640 ln
1067 3568 1225 3667 reliquis
1245 3596 1315 3642 au-

168 3704 246 3763 tem
275 3688 411 3762 harum
438 3690 696 3791 Epistolarum
722 3688 891 3791 partibus
922 3688 1071 3762 fabulae
1104 3714 1215 3760 usum
1252 3717 1314 3762 re-

168 3826 333 3913 rumque
359 3813 603 3912 antiquarum
630 3811 851 3901 doctrinam,
876 3838 971 3913 quae
991 3814 1029 3884 in
1046 3809 1156 3883 huius
1174 3828 1313 3911 poetae

168 3933 397 4007 carminibus
423 3933 565 4035 ubique
592 3933 726 4023 elucet,
752 3961 829 4006 non
854 3948 946 4037 puto
973 3931 1191 4005 desiderari.

250 4042 377 4168 Atque
400 4068 438 4139 in
464 4068 632 4181 sspistola
665 4067 820 4158 XVIII,
853 4095 967 4170 quam
998 4069 1108 4140 etiam
1134 4068 1315 4145 Lutatius

170 4191 218 4265 ad
247 4194 336 4265 Stat.
364 4188 484 4263 Theb.
516 4191 576 4281 VI,
604 4191 686 4283 545.
713 4190 850 4265 Nasoni
877 4189 1056 4265 adscribit
1081 4189 1137 4263 his
1158 4189 1315 4268 disertis
