2709 4675
20 19 22 106 ι

20 113 22 222 t

377 236 813 303 PROOEMIUM.
1054 237 1173 302 mv

62 361 180 438 codicis
217 365 421 440 Victorini:
470 366 626 442 Ovidius
649 366 829 466 epistolas
853 367 947 437 istas
970 364 1018 438 ab
1043 367 1171 440 esodio

59 502 149 587 poeta
176 488 324 561 Graece
351 492 588 589 conscriptas
621 491 663 559 in
695 488 875 560 Latinum
905 490 1069 578 novavi&
1109 489 1171 561 cui
1206 527 1212 540 ·

62 608 158 681 simile
184 608 321 708 legitur
356 610 394 681 in
421 609 522 682 calce
557 607 697 682 codicis
730 609 980 682 Trevirensis:
1021 612 1062 682 in
1095 621 1171 711 quo

61 756 152 831 opere
190 734 362 804 imitatus
402 745 460 804 est
492 730 699 831 ysidorum
731 745 768 803 et
803 746 966 804 astream
984 736 1172 832 poeti-iam

61 852 101 923 nt
118 842 331 925 memoriam
355 852 534 951 epistolas
559 851 774 925 reducendo
793 857 982 954 puccium
998 853 1174 928 oblivioni

59 970 228 1064 (aderant
252 976 351 1069 fere
375 974 462 1046 date
488 975 589 1047 unde
614 977 655 1045 in
683 974 814 1048 ovidio
847 974 894 1047 de
920 988 1003 1047 arte
1028 988 1169 1047 amato-
1211 969 1221 986 “
1322 945 1330 964 ’

59 1097 107 1188 ria
127 1099 346 1168 continetur
370 1099 544 1195 ignotum
567 1094 640 1169 boc
671 1095 766 1181 aliis
795 1095 860 1168 ille
884 1099 1030 1168 novavit
1063 1118 1169 1195 opus.
1270 1149 1272 1154 -

57 1217 122 1290 Iam
145 1217 249 1318 quod
273 1216 322 1290 ad
347 1216 489 1291 scholia
515 1215 606 1290 haec
632 1218 783 1306 attinet,
808 1243 856 1288 ne
882 1217 1024 1306 dicam,
1051 1243 1184 1319 quam3

58 1337 160 1410 muita
174 1364 281 1438 saepe
300 1339 395 1412 scire
420 1364 458 1411 se
476 1340 586 1412 iactet
602 1341 702 1412 natio
717 1326 1010 1432 scholiastarum,
1037 1347 1168 1441 quam·
1208 1327 1211 1332 ⁴

59 1479 132 1553 que
144 1468 273 1529 tenues
296 1471 333 1530 et
350 1459 475 1532 nullos
493 1486 600 1560 saepe
613 1459 774 1532 habeant
786 1458 1025 1533 decretorum
1037 1460 1171 1550 fontes,

58 1573 119 1650 hoc
134 1590 276 1653 tantum
291 1579 431 1670 dicam,
459 1607 530 1655 nec
544 1580 731 1655 Esodium
745 1594 810 1653 aut
821 1581 1025 1677 Ysidorum
1035 1595 1173 1683 poetas,

57 1722 117 1771 nec
130 1701 298 1774 Astream
321 1704 504 1802 poetriam
520 1729 679 1804 usquam
698 1706 994 1778 commemorari.
1020 1707 1173 1780 Praeter
1218 1691 1220 1698 ¹

57 1815 210 1894 scholion
236 1821 334 1897 illud
360 1824 500 1898 codicis
523 1827 708 1900 Victorini
734 1869 784 1884 -
808 1853 906 1914 nam,
937 1827 1086 1926 quode
1112 1855 1174 1903 co-

57 1938 130 2013 dice
153 1945 367 2019 Trevirensi
395 1946 517 2036 attuli,
540 1946 665 2020 adhuc
691 1949 921 2048 incognitum
941 1947 1014 2022 suit
1038 1992 1088 2009 -
1111 1950 1173 2026 hic

58 2062 108 2134 vir
128 2062 220 2137 nihil
245 2071 453 2167 argumenti
481 2070 622 2159 attulit,
654 2095 731 2171 quo
759 2097 808 2142 ea*
832 2069 1013 2142 sententia
1037 2067 1173 2176 confir-

59 2200 223 2261 maretur.
249 2188 381 2289 Neque
395 2217 484 2265 vero
500 2191 570 2264 alia
587 2190 733 2280 habuit,
753 2218 849 2292 quae
866 2191 1024 2280 afferret,
1051 2216 1173 2292 quum

55 2337 166 2413 neque
189 2311 335 2387 Graeca
359 2311 470 2387 huius
502 2314 645 2417 generis
670 2316 835 2388 carmina
867 2326 1022 2403 exstent,
1047 2342 1172 2415 neque

58 2434 246 2535 quisquam
270 2449 441 2509 veterum
468 2436 544 2509 ulla
570 2462 740 2537 unquam
769 2438 946 2510 exstitisse
969 2441 1173 2529 memoriae
1211 2532 1217 2543 N

58 2555 269 2652 prodiderit.
291 2558 342 2630 At
360 2571 541 2658 repugnat
558 2559 591 2630 ei
617 2542 783 2658 opinioni
810 2585 964 2659 prorsus
991 2560 1095 2634 locus
1111 2552 1174 2633 ille

59 2670 193 2768 Ovidii,
220 2681 258 2753 in
285 2705 362 2780 quo
388 2681 464 2780 ipse
491 2684 663 2778 ignotum
688 2678 758 2753 hoc
774 2658 869 2754 'aliis
893 2707 931 2754 se
958 2682 1052 2756 dicit
1076 2709 1173 2785 opus

59 2820 217 2889 novasse,
253 2800 358 2903 quod
385 2815 485 2875 certe
510 2828 588 2875 non
612 2815 689 2877 tam
713 2814 838 2901 aperte
865 2814 959 2874 esset
984 2800 1177 2903 elocutus,

58 2922 84 2995 si
104 2949 168 2998 sua
189 2938 326 3015 aetate,
363 2949 439 3026 qua
465 2924 609 2998 Graeca
639 2924 764 3011 omnia
795 2925 934 2997 Romae
960 2924 1178 3025 pervulgata

59 3060 168 3137 erant,
192 3048 281 3121 talia
306 3046 490 3135 carmina,
533 3072 628 3146 quae
655 3045 778 3144 ipsum
803 3044 959 3118 stolidae
983 3047 1176 3118 iactantiae

58 3189 94 3239 ac
109 3169 282 3243 vanitatis·
301 3181 555 3269 coarguerent,
584 3168 622 3239 in
646 3166 887 3268 popularium
910 3168 1083 3241 manibus
1097 3189 1175 3242 csse

58 3285 208 3363 vidisset.
234 3290 332 3365 Nam
356 3289 460 3392 quod
486 3288 638 3365 Werfer
664 3287 791 3359 locum
818 3287 927 3361 illum
945 3275 1044 3364 novo
1064 3289 1198 3363 modo·
1251 3290 1258 3298 ’

58 3401 285 3508 interpretari
311 3424 465 3485 conatus
491 3424 555 3502 est,
582 3409 731 3497 dicens:
774 3410 935 3483 Omnino
961 3438 1037 3486 non
1063 3439 1180 3511 nega-

58 3532 185 3618 verim,
209 3506 529 3632 significationem
548 3531 754 3605 verborum
780 3536 940 3604 istorum
965 3536 1180 3632 ignotum

58 3643 137 3733 hoc,
155 3654 221 3727 nli
229 3659 244 3727 i
253 3681 273 3726 s
298 3656 447 3748 (utrum
473 3651 646 3727 omnibus
671 3669 709 3725 et
735 3654 896 3726 Graecis
920 3669 958 3726 et
979 3658 1178 3742 Romanis,

59 3791 106 3839 an
127 3774 306 3847 Ronmnis
330 3777 422 3853 sotis
434 3776 475 3871 7)
501 3779 594 3848 sutis
611 3773 944 3872 esseumbiguom:
971 3772 1182 3878 quaemihi

60 3895 198 3987 quidem
231 3899 416 3972 videntur
459 3896 555 3969 nittt
594 3896 703 3969 aliud
743 3896 935 3983 iudicare,
984 3898 1061 3968 nisi
1094 3900 1109 3968 i
1116 3895 1152 3966 ll
1159 3921 1180 3967 e

59 4008 289 4112 (Ovidius)
337 4033 507 4092 auctor
555 4032 624 4092 est
662 4015 810 4090 huius
849 4021 957 4091 ηονί
996 4020 1178 4118 operis,

57 4136 169 4226 quod
189 4138 341 4212 adhuc
366 4124 746 4233 aliis(Romunis
767 4143 948 4239 poetis)
966 4143 1181 4238 ignotum

58 4270 172 4344 erat,
196 4257 298 4334 illam
313 4261 660 4362 interpretationem
680 4261 850 4334 omnium
867 4259 1180 4333 contortissimam
