2709 4675
106 23 568 106 diocritatem
618 40 866 100 tamen
898 0 1318 128 {gnoscere
1368 55 1524 103 non
1570 54 1898 131 possum.
1963 28 2050 100 In
2104 54 2254 128 qua
2306 55 2388 101 re

102 135 572 209 assentientes
623 135 860 211 habeo
911 139 996 211 N.
1054 140 1467 228 Heinsium,
1521 140 1645 212 Fr.
1681 139 2235 239 Heusingerum
2260 137 2391 210 ali-

108 269 358 342 osque.
420 244 636 320 Conf.
705 245 940 348 Ephr.
1023 248 1406 321 Mtillerl.
1466 274 1527 322 c.
1581 277 1653 351 p.
1710 256 1827 326 63
1880 291 1977 309 -
2026 291 2123 306 -
2174 249 2396 320 Piae-

101 367 306 425 terea
339 354 494 428 Viri
524 356 741 430 Docti
796 383 948 429 non
999 358 1169 430 satis
1218 356 1332 430 ad
1369 357 1448 431 id
1494 355 1996 444 attenderunt,
2032 354 2243 456 quod
2274 383 2393 430 res

101 467 282 565 ipsa,
329 460 551 565 quam
599 477 817 564 poeta
866 468 1255 555 tractavit,¹
1296 468 1759 541 ieiunitatem
1827 465 2209 566 quandam
2285 478 2391 538 at-

97 572 292 645 tulit.
339 575 885 674 Argumentum
937 577 1137 648 enim
1187 576 1612 677 postulavit,
1667 591 1762 649 ut
1784 574 2036 659 Ovidii
2089 577 2464 681 vestigia

93 681 355 758 sedulo
402 697 796 809 premeret,
849 683 1143 785 atque
1124 713 1203 757 m
1255 684 1533 780 finibus
1585 685 1677 759 ab
1734 686 1862 759 illo
1911 687 2389 785 praescriptis

93 819 185 867 se
238 794 660 867 contineret.
715 794 1061 868 Sterilem
1112 796 1339 895 igitur
1385 796 1773 869 materiem
1840 776 2123 882 habuit,
2193 822 2385 895 quae

88 928 396 976 omnem
443 902 754 976 liberius
817 930 894 977 se
961 905 1314 978 movendi
1386 919 1459 979 et
1508 907 1877 1007 poeticam
1949 903 2383 978 facultatem

86 1010 445 1085 ostenden
455 1011 527 1084 Ji
597 1014 1060 1087 occasionem
1123 1027 1196 1086 et
1257 1016 1893 1116 opportunitatem
1954 1013 2380 1114 praeclusit.

85 1119 583 1197 Nihilominus
635 1123 759 1195 ille
807 1149 961 1197 non
1010 1126 1226 1197 anxie
1279 1124 1643 1198 Ovidium
1692 1137 2030 1211 secutu8‚
2086 1125 2215 1223 qui
2271 1136 2381 1197 est

85 1254 253 1305 mos
301 1228 687 1306 hominum
709 1233 1042 1358 ingenio
1084 1234 1523 1322 carentium,
1551 1235 1761 1334 quasi
1791 1231 2111 1306 verbum
2140 1231 2376 1306 verbo

85 1340 469 1467 expressit,
523 1340 654 1413 sed
704 1343 1089 1442 ingenium
1138 1344 1522 1443 poeticum
1590 1369 1678 1416 eo
1740 1340 2086 1432 ostendit,
2166 1342 2379 1449 quod

85 1449 290 1523 illius
338 1452 764 1525 universam
820 1452 1260 1522 sententiam
1311 1450 1625 1554 quidem
1676 1452 2018 1550 respexit,
2087 1451 2376 1551 singula

85 1575 332 1632 tamen
379 1585 517 1634 suo
576 1587 792 1635 more
845 1562 949 1634 sic
1016 1561 1377 1649 tractavit,
1462 1575 1547 1633 ut
1607 1559 1935 1662 denique
2000 1560 2210 1653 nihil,
2294 1566 2375 1637 in

85 1693 242 1770 quo
293 1668 518 1744 cardo
570 1673 679 1744 rei
730 1671 1071 1758 vertitur,
1122 1671 1475 1743 omiserit.
1504 1671 1829 1744 Maxime
1872 1669 1974 1764 id,
2008 1686 2381 1773 quantum

85 1776 432 1877 squidem
499 1781 857 1880 intelligo,
911 1782 986 1852 in
1050 1777 1413 1882 Epistola*
1461 1781 1586 1854 ΙΙΙ.
1655 1779 2080 1870 declaravit,
2148 1808 2379 1884 quam

85 1893 418 1978 AmaruS,
495 1916 675 1964 cum
742 1891 971 1991 magis
1050 1918 1279 1991 quam
1347 1890 1541 1965 duae
1603 1893 1889 1992 priores
1959 1889 2052 1963 ab
2121 1891 2377 1967 Ovidii

85 1999 617 2071 ;cntentiarum
666 1998 931 2072 ordine
986 1997 1340 2088 discedat,
1393 2000 1745 2073 omnium'
1784 2002 2181 2100 pessimam
2224 2028 2378 2076 esse

86 2108 385 2205 putavit.
439 2109 742 2181 Etenim
761 2107 981 2181 Ovid.
1006 2109 1371 2183 Oenonen
1401 2136 1487 2184 eo
1537 2125 1874 2209 tempore
1926 2108 2379 2185 scribentem

86 2215 498 2306 *nduxeraa
571 2244 725 2319 quo
776 2221 980 2291 Paris
1049 2244 1223 2292 cnm
1294 2220 1577 2292 Helena
1641 2246 1680 2291 e
1752 2219 2068 2293 Graecia
2132 2219 2377 2293 redux

85 2328 314 2400 factus
381 2342 453 2399 et
518 2329 786 2403 Troiae
854 2331 1042 2430 regis
1115 2327 1312 2403 filius
1384 2332 1681 2431 agnitus
1749 2357 2015 2429 magno
2085 2326 2372 2403 honore

85 2435 492 2509 fruebatur.
545 2439 889 2540 Nympha
941 2454 1194 2513 autem
1245 2442 1321 2512 in
1378 2440 1708 2540 Epistola
1746 2465 1877 2513 sua
1931 2439 2011 2512 id
2052 2441 2373 2513 maxime

86 2561 304 2648 irget,
377 2547 588 2649 quod
671 2549 859 2621 nihil
936 2551 1419 2639 commiserit,
1475 2560 1931 2650 quapropter
1997 2578 2039 2622 a
2105 2548 2372 2622 Paride

85 2655 312 2729 leseri
367 2660 749 2758 potuisset,
805 2673 877 2731 et
927 2659 1138 2759 quod
1202 2662 1279 2731 in
1349 2659 1699 2733 omnihus
1770 2659 2094 2731 Helenae
2163 2686 2375 2759 prae·

85 2769 228 2853 ·.te't,
280 2792 464 2840 cum
515 2770 722 2866 prior
772 2796 948 2841 eum
1001 2768 1404 2869 ignobilem
1457 2770 1835 2857 amaverit,
1886 2768 2266 2868 popularis
2298 2783 2371 2841 et

85 2878 290 2976 uagis
343 2875 588 2951 fidelis
639 2879 733 2950 sit
783 2892 857 2950 et
906 2878 1207 2950 nullum
1260 2879 1688 2977 periculum
1740 2877 2019 2950 afferat.
2102 2880 2371 2952 Preces

85 2988 292 3061 etiam
375 2985 610 3075 addit,
689 3001 912 3086 atque
979 3011 1055 3059 se
1125 2988 1346 3060 etiam
1402 2988 1672 3083 laesam
1721 2986 2069 3059 Paridem
2119 3014 2367 3059 amare

86 3108 402 3170 astatur.
458 3098 588 3169 His
630 3110 882 3169 autem
932 3124 974 3169 a
1024 3096 1312 3185 Paride,
1368 3099 1497 3197 qui
1552 3097 1651 3171 ad
1703 3096 2068 3169 Oenonen
2117 3096 2367 3171 redire

85 3203 333 3295 noluit,
389 3205 828 3307 responderi
880 3206 1217 3305 profecto
1273 3206 1580 3279 difficile
1635 3220 1812 3279 erat.
1848 3204 2041 3279 Vide
2091 3220 2364 3292 autem,

85 3338 295 3410 [uam
350 3329 568 3389 acute
624 3330 697 3388 et
742 3316 1162 3418 prudenter
1208 3315 1527 3388 Sabinus
1574 3341 1649 3389 se
1701 3314 2181 3415 expediverit.
2235 3319 2370 3394 Pa.

85 3422 160 3494 ·is
235 3426 597 3500 Oenones
666 3424 1080 3526 Epistolam
1148 3427 1408 3528 paucis
1484 3425 1787 3525 respicit
1868 3438 1941 3496 et
2013 3425 2367 3498 omnibus

85 3536 442 3629 :oncessis
496 3560 571 3608 se
623 3563 842 3609 reum
894 3534 1314 3610 confitetur.
1367 3534 1517 3607 Sed
1552 3534 1705 3608 duo
1756 3535 2075 3607 maxime
2129 3546 2364 3630 urget,

93 3640 416 3735 lterum,
501 3643 712 3746 quod
777 3670 993 3718 amor
1058 3645 1341 3718 ratione
1410 3658 1677 3733 careat,
1743 3642 2085 3729 alterurn,
2156 3637 2366 3739 quod
