2709 4675
137 191 140 198 “
215 193 335 257 LXXX
572 196 1005 266 PROOEMIUM.

213 330 243 412 si
271 364 333 413 eos
356 329 431 412 iam
455 352 539 413 ente
561 340 724 415 XXXV.
756 353 885 441 poetae
918 345 1062 412 annum
1097 350 1219 413 statuo
1258 362 1327 410 esse

214 463 392 562 vulgatos.
437 464 534 535 Ante
572 461 709 535 horum
747 477 873 536 autem
918 461 1122 535 editionem
1154 458 1328 560 Epistulas

213 586 424 662 Heroidum
448 600 548 660 certe
582 584 739 686 aliquod
771 587 843 657 iam
875 597 1022 686 tempus
1062 583 1181 657 editas
1212 581 1328 670 fuisse,

213 738 291 784 non
316 695 475 784 obscure
500 707 612 793 docet
637 708 742 782 locus
768 707 841 794 ille,
868 731 983 805 quem
1008 706 1082 779 iam
1113 732 1220 806 saepe
1260 706 1330 778 lau·

214 831 394 921 davimus,
435 799 635 917 Ainorum,
669 831 708 901 in
743 853 819 929 quo
849 828 1031 901 Sabinum
1062 823 1136 902 iam
1168 841 1252 901 tum
1288 827 1330 899 ad

215 978 302 1026 suas
324 951 508 1055 Epistulas
542 952 713 1026 virorum
743 951 894 1024 nomine
927 950 1168 1052 rescripsisse,
1201 948 1331 1024 diserte

181 1072 386 1148 (testatum

297 1293 300 1297 ·
317 1282 422 1359 Quam
443 1281 508 1342 cito
529 1289 567 1349 de
589 1300 649 1349 toto
667 1290 754 1351 rediit
774 1306 862 1347 meus
883 1292 951 1351 orbe
969 1290 1103 1364 Sabbius,
1144 1363 1148 1370 ¹

375 1391 544 1471 Scriptaque
564 1396 681 1457 &versis
701 1399 799 1457 retulit
820 1394 872 1454 ille
895 1398 973 1458 loeis.

317 1492 460 1555 Candida
479 1495 642 1580 Penelope
663 1498 789 1582 signum
810 1499 961 1582 cognovit
982 1498 1082 1570 Ulixis
1094 1524 1103 1572 ;
1124 1507 1185 1560 etc.

213 1690 307 1763 Nam
333 1690 438 1792 quod
461 1690 554 1765 Iahn
579 1707 737 1794 poetam,
764 1720 852 1767 curn
877 1695 1031 1796 elegiam
1058 1697 1160 1769 illam
1186 1697 1236 1771 ad
1256 1699 1331 1771 Ma-

213 1837 321 1885 crum
337 1829 589 1915 componeret,
603 1816 641 1887 in
654 1818 830 1918 Epistolis
845 1817 1052 1892 scribendis
1072 1807 1160 1892 cum
1172 1822 1331 1893 maxime

210 1952 400 2011 versatum
425 1965 512 2029 esse,
538 1936 654 2038 idque
680 1953 717 2012 et
740 1937 943 2013 verborum
969 1947 1111 2015 'nexum
1136 1955 1173 2014 et
1203 1969 1333 2016 vocem

206 2061 317 2166 illam
356 2060 557 2134 scribimus
596 2062 681 2133 satis
721 2059 857 2135 docere
894 2078 1029 2153 censet,
1068 2090 1136 2164 ego
1173 2065 1333 2164 probare

212 2182 321 2256 nullo
360 2181 473 2257 modo
512 2208 674 2283 possum.
710 2169 931 2259 ¹Enimvero
962 2186 1067 2289 quod
1096 2187 1220 2289 primo
1253 2185 1334 2258 loco

178 2356 180 2361 -
212 2306 347 2395 attulit,
362 2306 535 2387 ‚verbum
560 2304 761 2379 scribimus
784 2306 823 2379 in
846 2313 1015 2409 tempore
1041 2309 1236 2411 praesenti,
1250 2303 1335 2380 ride

212 2456 260 2502 ne
287 2428 375 2502 inde
398 2456 534 2530 parum
559 2441 660 2501 certa
693 2427 765 2518 fiat,
802 2433 1021 2530 praesertim
1052 2430 1153 2533 apud
1188 2442 1336 2531 poetam

214 2565 252 2623 et
274 2566 421 2653 poetam
446 2563 548 2623 tanta
579 2552 619 2623 in
651 2546 722 2623 hoc
753 2577 899 2650 genere,
935 2566 1075 2654 quanta
1108 2551 1170 2646 hic
1199 2564 1336 2623 noster

208 2664 276 2777 est,
304 2676 482 2764 libertate,
505 2673 552 2747 de
579 2672 647 2746 hec
670 2673 885 2772 quaestione
911 2675 1120 2768 conclusi03
1147 2690 1249 2748 certe
1283 2702 1338 2747 re-

211 2795 387 2897 fragatur,
414 2795 518 2897 quod
545 2796 618 2867 iam
643 2808 736 2883 tum,
762 2809 806 2867 ut
839 2794 954 2869 modo
988 2794 1161 2884 diximus,
1207 2795 1333 2869 Sabini

169 3010 173 3017 ,
213 2920 389 3015 carmina,
416 2918 554 3019 quibus
580 2917 642 2989 ille
669 2916 716 2989 ad
755 2916 881 2989 Ovidii
916 2917 1101 3019 Epistoias
1133 2916 1335 3017 responde-

213 3058 281 3132 ret,
308 3058 345 3116 et
369 3041 525 3143 quidem
547 3041 682 3129 omnia,
719 3038 887 3111 absoluta
922 3054 958 3112 et
992 3039 1090 3113 edita
1124 3041 1334 3133 exstabant3

213 3163 253 3237 id
279 3163 384 3264 quod
407 3179 485 3236 tam
511 3190 556 3235 ex
582 3165 659 3262 ipsa
685 3163 841 3250 ratione,
865 3186 940 3261 qna
965 3189 1007 3234 ea
1042 3176 1332 3235 commemorata

210 3300 299 3358 sunt
322 3285 412 3383 (vid.
440 3286 537 3359 infra
561 3287 665 3385 Disp.
682 3281 729 3356 de
743 3283 879 3356 Sabino
895 3298 930 3356 et
947 3285 1025 3356 eius
1041 3284 1186 3383 Epist),
1207 3310 1331 3383 qnam,

210 3425 252 3482 ut
277 3408 391 3482 modo
417 3402 618 3495 innuimus,
646 3433 692 3478 ex
719 3405 790 3478 illis
821 3419 952 3506 poetae
978 3403 1101 3477 verbis
1141 3405 1195 3477 de
1232 3419 1328 3476 toto

210 3532 318 3606 orbe
344 3532 497 3605 rediit
522 3532 755 3630 etscripto
780 3529 982 3600 diuersis
1008 3530 1129 3600 locis
1150 3527 1332 3598 retulit

210 3652 358 3755 liquido
384 3665 544 3753 apparet.
579 3651 725 3751 Neque,
751 3675 865 3747 porro
905 3651 1076 3722 innexu
1116 3649 1217 3721 iliius
1258 3648 1328 3722 loci

208 3773 419 3877 quidquam
444 3774 600 3875 reperio,
628 3797 705 3873 quo
731 3770 794 3843 illa
820 3773 945 3873 opinio
972 3770 1217 3845 confirmetur
1226 3799 1237 3864 ;
1263 3773 1330 3844 nisi

206 3899 303 3971 forte
330 3898 414 3996 quis
438 3923 574 3997 parum
598 3909 770 3967 accurate
798 3924 819 3966 a
845 3909 954 3996 poeta
987 3894 1132 3968 dictum
1171 3908 1332 3981 censeat,

208 4025 236 4096 si
265 4048 310 4094 ex
335 4018 391 4092 his
417 4017 580 4091 duabus·
604 4019 806 4089 sententiae
839 4017 1007 4118 partibus
1038 4031 1121 4089 aut
1152 4032 1261 4091 artes
1285 4058 1332 4077 -

207 4146 513 4250 profitemur
538 4143 694 4215 Amoris
719 4153 755 4211 et
778 4156 876 4228 aret,
902 4141 1006 4244 quod
1018 4140 1231 4241 Penelopes
1245 4166 1332 4214 ver-

210 4268 269 4341 bis
285 4267 469 4343 reddatur
489 4265 626 4350 Ulixi,
642 4260 897 4338 scribimus
930 4276 1006 4339 tam
1038 4276 1137 4336 arcte
1172 4264 1332 4337 coniun-
