2709 4675
31 96 101 143 sm
128 70 277 143 censuit
301 66 429 142 Sabini
445 65 614 139 amicam
640 60 833 151 indicasse,
860 85 904 134 ac
929 59 1009 132 fere
1033 59 1073 131 in
1097 82 1183 131 sen·

31 182 183 256 entiam
216 179 327 253 cessit
364 198 522 265 eorums
544 176 611 276 qui
647 173 940 272 inscriptionem,
976 198 998 243 a
1030 169 1179 272 puellae

34 290 178 366 omine
203 302 375 376 sumtam,
410 311 488 360 esse
522 296 752 360 censuerunt
784 278 1000 383 Elegorum,
1040 278 1180 380 quibus

31 423 170 474 mores
195 423 282 471 suos
307 409 416 498 poeta
440 396 630 469 cecinerit.
682 393 839 482 Verum,
875 404 918 464 ut
948 388 1047 464 illud
1071 390 1180 463 omit·
1243 476 1262 500 ,-

31 537 115 599 sm,
142 507 192 583 de
215 507 343 587 Sabini
369 504 562 579 amoribus
587 503 735 592 talibus,
764 502 893 605 quales
926 502 1083 576 fuerunt
1116 500 1181 575 Ti·

31 621 135 710 ulli,
169 618 365 721 Propertii,
400 606 686 704 Ovidit‘Galli,
722 614 911 700 Varronis,
952 611 1181 701 Antimachi,

31 728 349 816 lermesianactis,
390 725 563 814 aliorum,
599 723 696 798 nihil
736 724 950 826 quidquam
985 737 1178 810 constare,

31 836 240 916 eiusmodi
269 861 373 937 opus,
400 832 506 939 quod
532 860 552 908 e
577 834 733 937 singulis
758 835 882 934 elegis,
915 836 1012 907 inter
1046 858 1085 905 se
1110 833 1180 906 mi·

31 956 127 1029 tme
153 945 438 1022 cohaerentibus
461 946 713 1045 compositum
740 956 830 1033 erat,
856 943 1043 1018 nonsatis
1069 970 1179 1045 eppa-

31 1074 86 1151 et,
115 1053 310 1159 quomodo
337 1054 411 1129 dici
438 1054 706 1157 imperfectum
726 1054 916 1156 potuisset.
943 1054 1024 1154 Ego
1049 1055 1179 1127 malim

34 1192 161 1268 orum
185 1162 445 1239 auctoritatem
470 1165 588 1265 sequi,
616 1166 682 1264 qui
708 1190 847 1239 nomen
873 1164 977 1238 urbis
1012 1191 1088 1239 esse
1123 1167 1179 1239 in-

31 1278 265 1363 ellexerunt,
293 1275 369 1347 sive
395 1271 625 1375 tragoediam
650 1301 694 1348 eo
727 1288 836 1375 poeta
870 1271 1101 1374 significavit,
1135 1286 1180 1357 ut

31 1392 205 1464 timenus
231 1397 267 1457 et
292 1383 487 1484 Crispinus
514 1399 753 1473 censuerunt,
779 1385 856 1458 sive
889 1381 993 1458 aliud
1026 1385 1178 1457 maioris

31 1494 223 1573 :uiusdam
247 1495 399 1594 spiritus
425 1506 462 1568 et
486 1495 609 1595 operis
636 1520 788 1569 carmen
812 1493 1178 1597 quodcunque„quo

31 1609 139 1682 tiam
163 1603 348 1677 variantes
372 1602 550 1679 lectiones
581 1605 785 1706 pleraeque
819 1604 958 1703 ducere
987 1602 1177 1679 videntur.

31 1717 205 1796 :ermina
229 1727 355 1788 autem
378 1728 550 1790 veterum
576 1715 793 1790 nominibus
812 1717 984 1791 locorum
1001 1717 1179 1820 inscripta

31 1830 133 1903 >lura
174 1838 527 1915 commemorantur,
567 1851 614 1900 ex
654 1851 732 1929 quo
769 1853 905 1929 genere
936 1841 1026 1903 sunt
1058 1832 1179 1926 Romo
1310 1890 1314 1899 .

31 1938 223 2042 inopertii,
255 1938 286 2011 si
322 1963 364 2009 ea
390 1935 583 2037 inscriptio
615 1962 705 2009 vera
738 1950 802 2027 est,
836 1938 1001 2015 Salamis
1031 1939 1179 2016 Solonis

31 2047 115 2146 [vid.
157 2046 256 2122 Plut.
293 2046 332 2120 in
373 2046 460 2122 Vita
492 2045 599 2140 Sol.),
639 2045 734 2135 alia⁸⁴
768 2050 820 2121 Et
851 2074 942 2123 vero
975 2051 1179 2151 praebebat

31 2161 203 2235 Proczen
242 2158 454 2231 carminum
486 2153 682 2230 materiem
714 2164 828 2259 atque
867 2174 1096 2261 argumente,
1138 2163 1178 2234 in

31 2294 141 2371 {uam
167 2264 306 2341 urbem
330 2267 559 2369 Hippolytus
582 2266 739 2342 Athenis
758 2269 919 2358 secessit,
941 2268 1019 2360 ubi,
1039 2283 1083 2344 ut
1099 2269 1182 2373 qui-

31 2378 113 2454 lam
140 2391 315 2452 auctores
340 2376 498 2452 tradunt
523 2381 697 2476 (Pausen.
724 2378 764 2452 in
797 2379 940 2473 Attio),
980 2378 1180 2453 scelestum

31 2489 104 2563 eius
138 2512 314 2563 amorem
347 2489 523 2590 concepit
558 2488 738 2578 Phaedra,
775 2485 841 2560 ubi
879 2486 1013 2562 Pitthei
1038 2514 1180 2563 nomen

31 2612 169 2698 antam
197 2611 276 2672 erat
301 2597 458 2700 gloriam
482 2597 674 2700 adeptum,
702 2597 849 2701 aliaque
882 2599 1069 2700 permulta
1102 2626 1181 2674 me·
1221 2671 1223 2678 .

31 2712 145 2785 moria
172 2721 211 2783 et
236 2712 402 2784 carmine
429 2708 766 2812 dignissima.(vid.
801 2712 956 2783 Pausan.
989 2709 1179 2805 Corinth.)

31 2820 254 2895 acciderant.
279 2822 445 2895 Dierum
468 2846 564 2922 opus
586 2818 683 2894 illud
707 2820 768 2893 vel
781 2821 928 2911 Festos,
945 2821 1073 2923 quales
1091 2821 1180 2897 Ovi-

31 2927 109 3005 lius
153 2932 235 3033 ipse
277 2930 497 3032 composuit,
531 2930 592 3003 rel
627 2930 859 3031 Georgicon,
888 2933 999 3033 quale
1025 2931 1179 3008 Hesiodi

33 3040 128 3124 intent,
160 3041 467 3141 interpretantur.
518 3039 635 3115 Iahno
671 3042 856 3143 posterius
889 3041 1180 3143 intelligendum

34 3145 199 3244 ridetur3
239 3174 307 3250 ego
332 3149 458 3223 n‘escio
491 3177 539 3224 an
569 3150 809 3234 nonimalim
843 3150 996 3253 intelligi
1022 3152 1178 3241 Festos,

36 3277 147 3352 {uum
179 3262 410 3362 pracsertim,
448 3260 557 3336 cuius
592 3259 683 3335 haec
716 3262 850 3352 verba,
886 3263 1034 3336 dierum
1067 3289 1179 3365 opus,

36 3381 123 3459 tunt,
152 3370 316 3446 Ovidius
340 3397 427 3447 suos
452 3372 530 3473 ipse
554 3372 683 3446 Fastos
707 3373 788 3446 dies
812 3373 1009 3475 appellarit
1031 3376 1128 3449 Fast.
1150 3375 1179 3467 l,

37 3480 121 3572 tot,
148 3481 217 3557 ubi
243 3482 357 3558 lanus
383 3482 568 3557 Ovidium
596 3482 647 3557 ita
671 3482 897 3583 alloquitur:

96 3689 100 3694 ,
128 3618 228 3682 Disce
242 3627 339 3694 ,metu
359 3619 476 3701 posito,
497 3625 585 3679 vates
607 3635 745 3700 operose
766 3622 895 3700 dimum,

171 3711 270 3793 Quod
290 3713 387 3798 petis,
409 3719 443 3776 et
461 3731 556 3776 voees
578 3710 714 3796 percipe
734 3719 843 3777 mente
865 3735 961 3776 meas.

879 3802 982 3876 *87
