2709 4675
208 261 210 265 v
377 157 811 252 recessuum.
936 207 940 222 .
1053 159 1170 224 xnvu

64 292 118 368 illa
150 296 319 398 Sapphus
347 275 569 374 criminatio
588 297 763 373 rideatur
800 321 877 371 esse
916 269 1172 370 commentum
1292 282 1294 286 ¹

68 415 322 511 Comicorum3
348 419 424 495 vid.
462 420 612 496 doctam
650 420 698 494 de
736 447 778 493 ea
818 445 860 492 re
898 417 1035 518 disput.
1067 417 1173 490 Frid'.

64 537 216 639 Theoph.
242 542 409 616 Welheri
435 545 473 616 in
498 542 637 630 libello,
665 543 731 644 qui
758 540 991 615 inscribitur:
1018 537 1169 638 Sappho
1197 569 1199 574 ⁴

63 689 127 737 oon
150 668 272 737 einem
296 644 575 741 hertsehenden
597 665 642 742 V
637 664 825 739 orurtteit
848 663 1006 765 befreit,
1031 675 1068 734 et
1084 645 1172 735 Chr.

61 788 151 861 Frid.
183 788 289 862 Neue
323 787 372 862 ad
403 787 617 890 Sapphonis
643 789 813 885 Fragm.)
845 788 962 886 ipsam
994 785 1177 884 poetriam

63 905 157 983 huius
180 891 418 1012 turpissimae
453 937 542 984 eum
565 908 713 983 filiabus
753 905 1036 982 consuetudinis
1067 933 1178 980 accu-

62 1044 163 1105 satam
189 1059 291 1121 esse,
316 1060 394 1106 non
419 1032 579 1107 obscure
603 1041 798 1118 testantur,
823 1030 1011 1102 Maximus
1037 1029 1177 1126 Tyrius

60 1155 200 1246 XXIV,
227 1155 454 1257 Apollonius
486 1154 692 1254 Tyanensis
717 1150 819 1252 apud
849 1150 1115 1225 Philostratum
1146 1151 1175 1251 I,

59 1275 118 1366 do,
141 1276 278 1351 Suidas
305 1279 344 1349 in
369 1304 404 1348 v·
427 1293 545 1368 Σαπφώ.
570 1274 654 1347 Huc
679 1272 768 1346 facit
789 1274 917 1345 Horat.
945 1271 1019 1346 Od.
1046 1273 1091 1361 ll,
1124 1274 1176 1346 132

63 1399 107 1492 14.
130 1413 166 1473 et
190 1398 324 1473 crebra
349 1395 452 1499 apud
477 1393 625 1496 Sappho
651 1394 1022 1474 amicarum-mentio
1056 1408 1093 1467 et
1124 1371 1176 1468 'de

59 1519 175 1595 iisdem
197 1519 385 1622 querelae,
412 1516 514 1590 unde
540 1517 619 1590 sine
633 1515 865 1589 dubitatione
888 1516 950 1589 illa
964 1518 1176 1590 criminatio

58 1655 125 1714 orta
142 1656 199 1716 est
223 1639 313 1736 (vid.
339 1639 463 1736 well·
488 1638 512 1711 l.
534 1639 583 1735 l).
611 1638 800 1711 Phaonem
825 1651 949 1710 autem
973 1636 1020 1710 ab
1045 1636 1177 1710 eadem

21 1797 24 1830 τ
57 1764 184 1861 poetria
198 1775 365 1834 amatum
376 1787 454 1834 esse
461 1817 472 1850 ,
498 1758 613 1834 fidem
637 1758 951 1859 facitPalaephat.
978 1757 1026 1832 de
1050 1758 1176 1831 Incre-

58 1885 123 1960 dib.
147 1913 179 1962 c.
208 1888 278 1982 49,
306 1883 479 1958 Eudocia
504 1883 543 1954 in
569 1909 602 1955 v.
632 1899 721 1976 φάων,
746 1882 958 1982 Apostolius
984 1885 1091 1956 Prov.
1118 1906 1176 1969 ao,

61 2009 105 2081 15.
151 2009 284 2110 Neque
318 2004 422 2079 aliud
459 2016 615 2078 testatur
653 2001 787 2075 Strabo
817 2001 865 2075 X.
892 2028 928 2101 p.
953 2001 1037 2093 452.
1075 1999 1175 2095 (Vid.
1220 1989 1222 1992 ⁵

58 2127 149 2201 b'eue
173 2128 199 2201 l.
215 2127 239 2200 l.
266 2155 302 2228 p.
321 2127 356 2219 4.
383 2140 420 2199 et
443 2125 599 2202 Weller
622 2125 645 2197 Ι.
671 2124 713 2223 l.)
749 2121 874 2219 Quid?
899 2121 1176 2224 quoddubium

21 2251 126 2319 &non
149 2261 223 2339 est,
247 2246 398 2348 Sappho
423 2249 610 2322 Eressiam
637 2247 740 2320 illam
764 2233 1064 2320 meretricem'et
1089 2248 1173 2357 My·
1242 2285 1247 2292 -
1316 2255 1322 2272 '

21 2382 23 2453 t
57 2371 243 2445 tilenaeam
275 2372 459 2472 poetriam
483 2370 640 2444 eandem
675 2394 751 2443 esse
781 2396 996 2468 personam,
1034 2370 1176 2443 seilicet

21 2558 23 2561 ,
58 2490 289 2571 dilaceratam
314 2492 424 2587 ,illam
453 2491 500 2566 ab
526 2493 683 2566 arbitrio
721 2505 833 2592 atque
865 2492 1015 2564 licentia
1051 2493 1176 2565 Comi-

57 2628 197 2703 corum,
241 2627 284 2686 ut
315 2613 561 2716 probabiliter
584 2612 763 2689 'ostendit
800 2615 839 2686 in
873 2613 896 2685 l.
933 2611 958 2686 l.
1005 2612 1171 2686 Welher.

21 2716 23 2747 '
58 2721 157 2795 Conl.
183 2724 290 2798 Neue
315 2724 339 2796 Ι.
366 2724 391 2797 l.
1099 2758 1101 2769 ¹

119 2846 163 2919 In
196 2846 367 2948 Epistola
396 2861 522 2922 autem
554 2848 656 2924 XVI.
684 2876 759 2921 una
792 2850 934 2939 omnia,
981 2874 1077 2950 quae
1114 2848 1171 2927 his

21 2982 23 3007 '
57 2971 280 3071 carminibus
305 2984 343 3043 ct
367 2970 522 3044 Nasonis
548 2969 813 3045 consuetudini
838 2972 1006 3072 xpropria
1030 2996 1073 3043 ae
1099 2973 1173 3043 sin-

55 3086 188 3183 gularia
219 3104 325 3179 sunt,
364 3089 525 3165 dixerim
559 3118 635 3166 esse
662 3094 872 3166 coniuncta.
925 3092 1033 3165 Idem
1064 3120 1174 3194 argu-

55 3221 229 3300 mentum,
256 3209 409 3285 eaedem
434 3216 665 3287 narrationes
692 3229 729 3288 et
753 3215 1032 3316 descriptiones,
1059 3213 1176 3290 iidem

55 3354 175 3406 sensus
191 3347 229 3406 et
242 3333 406 3423 allectus,
434 3334 534 3408 idem
551 3326 700 3408 fabulae
721 3361 820 3424 usus,
847 3335 977 3410 eadem
993 3338 1032 3409 in
1051 3336 1174 3427 rebus,

56 3476 143 3549 quae
176 3452 227 3525 ad
253 3434 656 3558 venerem'spectant,
696 3455 952 3530 describendis
989 3457 1175 3557 cupiditas

56 3586 161 3675 atque
179 3574 383 3669 subtilitas,
409 3578 541 3652 eadem
565 3577 720 3651 humani
747 3580 861 3651 animi
889 3580 1051 3679 cognitio
1077 3583 1177 3653 etin

59 3700 165 3774 animi
205 3704 361 3774 amantis
401 3700 714 3776 commotionibus
745 3701 941 3803 pingendis
981 3702 1175 3777 calliditas.

21 3808 22 3811 ¹
57 3818 129 3892 lam
156 3823 280 3923 ipsum
306 3823 595 3924 initium'quam
619 3849 774 3925 prorsus
803 3823 1043 3899 Ouidianum.
1083 3827 1177 3927 Nar·
1248 3849 1252 3856 ’

21 3990 23 4029 ,
56 3940 233 4015 rationem
258 3956 384 4017 autem
407 3944 549 4044 primae
574 3946 724 4046 originis
750 3946 885 4018 amoris
911 3948 1066 4047 eiusque
1092 3974 1178 4047 pro·

58 4085 175 4136 osseus
191 4062 474 4167 haecEpistola
500 4091 589 4140 cum
614 4067 769 4168 reliquis
795 4067 984 4169 plerisque
1011 4094 1178 4142 commu-

20 4190 23 4233 ἓ
58 4208 137 4257 nem
170 4182 292 4298 habet.
344 4173 451 4263 Conf.
489 4188 569 4280 lll.,
609 4188 686 4277 Vl,
731 4188 828 4280 vll,
868 4189 931 4280 X,
965 4190 1047 4281 XI,
1088 4192 1175 4264 ΧΠ.
