2709 4675
388 251 463 312 Ρη
484 252 513 311 0
537 251 566 312 o
588 213 672 354 pu
696 252 761 344 ¹.U
782 253 824 313 M.
1083 250 1168 311 uva

50 406 130 454 cum
155 382 273 483 Epist.
300 381 369 468 XI,
396 382 453 478 59.
479 382 537 455 60.
564 355 727 459 Veisum
758 383 854 456 158.:
937 461 946 484 .

208 511 366 569 Ponuntur
387 511 482 571 media
502 526 561 566 cur
581 515 651 565 ntea
675 511 803 569 membra
824 518 888 569 tora
910 542 948 553 -

49 609 136 682 cons.
164 636 256 684 eum
279 610 407 683 Amor.
424 610 482 698 Ji,
514 635 566 699 ιο,
588 613 651 698 'ia
686 636 737 708 ¹9·
776 693 781 700 ‚

144 730 298 820 Hostibus
320 730 449 792 eveniat
470 730 567 792 vidua
590 732 732 793 dormire
756 733 864 810 cubiti,

204 837 248 897 Et
268 842 365 903 media
386 838 453 898 laxe
471 863 579 919 ponera
600 846 729 903 mambra
750 855 822 903 toro.

46 953 115 1027 Vsa.
147 955 225 1052 ¹59·
243 955 358 1027 ·1(›'o.:

142 1073 241 1153 Quod
262 1077 385 1153 timeas,
409 1098 473 1138 nan
496 1087 562 1140 est:
584 1082 666 1144 ausa
680 1086 696 1145 t
700 1085 778 1144 'enus
796 1085 859 1162 ipsa
867 1087 983 1160 favebit
994 1107 1008 1160 ,·

206 1186 322 1247 Sternet
343 1197 370 1246 ct
389 1208 557 1267 aequoreas,
578 1210 704 1269 aequore
724 1201 806 1273 nata,
827 1191 888 1251 vias
910 1222 950 1233 ·-·

51 1283 130 1360 cuin
155 1288 273 1389 Epist.
298 1288 383 1376 XV,
410 1290 494 1362 213.
583 1351 587 1358 .

94 1407 101 1415 ’
141 1415 237 1474 Solve
259 1422 376 1473 ratem:
400 1418 511 1490 Venus,
531 1428 596 1500 arta
616 1419 704 1492 mari,
725 1440 807 1480 mare
822 1431 952 1499 praestat
972 1422 1086 1481 amanti
1106 1451 1146 1467 -

52 1533 85 1590 et
106 1521 223 1621 Epist.
250 1519 352 1609 XVI,
380 1520 439 1593 23.

201 1649 240 1708 In
261 1666 345 1707 mara
366 1641 517 1703 nimirum
537 1647 582 1706 ius
602 1647 773 1707 batatoria
794 1650 878 1707 atari.
955 1667 958 1680 ’
1085 1713 1091 1727 .

49 1752 310 1824 lascivientem
334 1761 482 1849 poetam
507 1749 617 1820 etiam
643 1765 818 1848 agnosces
834 1750 871 1820 in
889 1775 957 1822 vss.
977 1749 1034 1841 45.
1052 1761 1088 1819 et
1108 1748 1165 1841 46.

51 1872 318 1970 Comparantur
341 1895 470 1942 versus
502 1870 578 1971 175.
606 1885 642 1942 et
673 1873 768 1971 176.:

144 2006 189 2066 Ut
208 2007 306 2067 semei
331 2004 462 2066 intravit
483 2010 608 2072 Colchas
629 2012 794 2089 Pagasaeus
814 2013 914 2084 Iason,

204 2117 376 2196 Impositum
397 2116 488 2177 calari
503 2117 635 2175 Phasida
653 2136 748 2196 puppa
766 2119 893 2177 tatia*-

53 2239 134 2290 cum
157 2219 274 2320 Epist.
302 2222 396 2305 xvt,
425 2216 506 2309 345.
534 2230 572 2289 at
596 2218 679 2309 346.

142 2360 274 2421 Phasida
292 2380 385 2440 puppa
405 2350 479 2419 aava
497 2358 577 2419 vexit
597 2359 762 2438 Pagasaeus
779 2360 882 2420 lason:

164 2463 262 2524 Laesa
285 2483 345 2523 nea
368 2469 417 2523 est
438 2459 557 2525 Calcha
578 2460 729 2521 Thessala
751 2469 840 2523 terra
860 2486 966 2524 manu.

32 2579 149 2654 tons.
168 2558 279 2655 etiam
291 2608 325 2653 v.
346 2581 423 2679 193.
440 2605 521 2680 sqq.
539 2605 626 2655 cum
638 2578 756 2678 Epist.
781 2578 886 2668 XIII,
919 2607 995 2678 ¹09·
1014 2597 1050 2656 et
1064 2609 1165 2687 sqq.;

52 2726 162 2804 comp.
188 2733 223 2778 v.
255 2706 333 2776 161.
360 2727 447 2775 cum
474 2702 590 2802 Epist.
620 2705 662 2786 11,
695 2726 783 2801 ιη,
810 2715 900 2773 etv.
927 2705 1031 2777 eoi:

102 2918 105 2921 Ι
143 2844 175 2904 Si
193 2818 243 2903 tibi
262 2863 322 2901 nan
340 2840 448 2919 parcis,
467 2842 591 2901 dilectae
606 2860 696 2920 purae
713 2843 830 2919 puellae
849 2872 889 2885 -

52 2967 131 3016 aum
156 2946 271 3046 Epist.
292 2944 373 3032 Vll,
401 2942 458 3044 75.
559 3002 563 3008 .
591 3046 598 3060 .

142 3066 204 3133 Nae
224 3071 299 3132 mihi
317 3081 350 3129 tu
369 3090 486 3149 pareas,
505 3089 596 3149 puero
614 3079 756 3149 parcatur
773 3070 839 3128 tato
856 3095 896 3109 -

53 3183 86 3241 et
107 3172 181 3245 Art.
209 3173 253 3245 A.
276 3178 318 3262 u,
344 3174 402 3246 30.

198 3302 231 3363 St
248 3322 308 3361 nan
329 3303 373 3362 vis
389 3319 480 3378 puero
499 3317 630 3379 parcere,
648 3316 738 3376 parca
757 3297 826 3359 seui.

114 3429 331 3503 vicesimam
357 3437 483 3499 autem
509 3436 544 3496 et
568 3422 783 3496 vicesimam
809 3425 967 3521 primam
998 3425 1044 3497 ab
1072 3428 1160 3500 Ovi-

52 3547 107 3623 ‹lio
136 3553 288 3653 scriptas
327 3575 416 3637 esse,
450 3543 636 3647 quaedam
667 3543 764 3616 bene
795 3571 838 3618 ae
871 3573 957 3619 vere
984 3547 1160 3625 disseruit

50 3673 121 3747 Van
146 3678 310 3773 Lennep,
336 3672 393 3744 his
417 3670 557 3743 verbis:
583 3669 687 3758 „Hae
714 3666 810 3740 duae
840 3670 1026 3770 Epistolae
1066 3677 1162 3747 Bur-

50 3801 194 3887 mannis,
208 3810 342 3899 patruo
362 3807 399 3867 et
412 3790 588 3866 Secunda
605 3788 707 3885 (vide
721 3789 827 3863 illum
854 3791 902 3863 ad
928 3796 997 3895 Ep.
1018 3800 1096 3887 XX,
1120 3826 1161 3888 1.‚

49 3914 141 3995 hune
164 3919 213 3993 ad
238 3915 381 3992 Lotieh.
410 3918 516 3989 Tom.
543 3914 572 3987 l.
598 3941 633 4013 p.
661 3914 771 4007 313.),
798 3912 845 3987 ab
859 3914 1043 3990 Ovidiana
1066 3947 1160 3993 vena

48 4038 184 4116 fluxisse
203 4060 279 4114 non
292 4034 535 4129 videbantui3
562 4049 598 4108 et
623 4036 697 4108 iam
723 4034 813 4107 oiim
830 4037 874 4108 H.
897 4038 1104 4138 Stephanus
1122 4041 1161 4113 in

47 4159 206 4236 Diatriba
235 4160 283 4234 ad
319 4158 446 4234 Horat.
484 4188 520 4261 p.
554 4161 611 4261 73.
639 4184 699 4231 eas
724 4160 848 4258 potius
870 4158 1019 4249 Sabina,
1046 4188 1162 4263 quam

49 4281 188 4374 ovidio,
214 4280 281 4357 sed
305 4309 429 4384 neque
447 4281 513 4372 itti,
539 4280 759 4355 tribuendas
776 4280 1015 4357 iudicaverat.
1043 4285 1162 4385 Equi-
