2709 4675
155 179 246 242 Lxx
399 231 407 241 .
511 181 945 292 Puoossstrtttt.

155 338 225 413 per
250 312 521 389 diversissimos
545 314 700 389 allectus
724 312 954 415 perductum
978 312 1062 398 fine,
1078 328 1116 387 et
1140 339 1296 389 caussae

155 435 344 510 scribendi
371 449 408 509 et
431 461 612 537 personae
640 436 840 510 scribentis
866 436 984 511 indoli
1017 438 1298 510 convenientis·

156 559 262 644 simo,
289 557 526 632 concluserit.
552 559 681 632 Altera
705 584 839 631 eorum
863 556 944 640 laus
965 557 1076 630 estin
1098 557 1297 634 uberrima

157 677 282 752 illari
309 679 534 782 imaginandi
560 679 823 776 (Phantasie),
849 669 954 754 unde⁸
979 693 1104 752 tentus
1138 693 1298 782 tamque
1325 729 1329 746 ι

158 799 313 873 illustris
353 799 640 873 translationum
680 801 801 896 omnis
832 803 978 900 generis
1012 802 1300 903 imaginumque

156 922 393 1023 poeticarum
418 920 608 1023 splendor,
634 920 726 995 baec
752 923 791 994 in
810 920 1128 1022 descriptionibus
1153 936 1302 998 etnar-

101 1021 104 1032 ¹
155 1041 371 1115 rationibus
396 1044 484 1132 vita,
510 1043 708 1141 clara'illa
744 1043 925 1117 similium
957 1057 995 1115 et
1031 1044 1299 1145 exemplorum

157 1163 312 1252 lumina,
340 1178 416 1238 tam
442 1165 577 1239 ardens
609 1165 775 1265 denique
808 1166 925 1266 totius
959 1166 1139 1238 orationis
1174 1164 1300 1252 color,

162 1299 204 1357 ut
229 1286 410 1388 pleraque
437 1312 566 1359 coram
590 1285 785 1387 adspicere
812 1299 850 1358 et
883 1286 971 1387 ipsis
1002 1286 1121 1360 oculis
1157 1288 1303 1361 intueri

161 1419 282 1508 putes.
309 1408 475 1480 Tertiam
500 1406 635 1481 barum
661 1408 918 1509 Epistolarum
946 1405 1098 1480 laudem
1135 1407 1305 1496 dixerim

163 1527 391 1630 singularem
416 1526 530 1617 illam,
558 1555 634 1630 qua
659 1554 788 1602 omnes
813 1531 951 1604 tinctae
967 1542 1081 1631 atque
1096 1526 1305 1604 distinctae

165 1662 263 1736 sunt,
290 1648 503 1722 doctrinam
530 1664 643 1750 atque
669 1652 922 1751 cognitionem
939 1648 1088 1723 fabulae
1104 1650 1307 1752 totiusque

164 1770 416 1870 antiquitatis3
444 1772 506 1844 cui
531 1771 773 1874 adiungenda
796 1773 954 1874 gravitas
991 1772 1173 1873 copiaque
1216 1798 1310 1846 sen·

170 1892 386 1980 tentiarum,
413 1891 552 1993 quibus
582 1894 643 1966 rel
679 1894 881 1972 levissimas
913 1895 987 1967 res'
1009 1906 1047 1970 et
1085 1893 1198 1980 locos,
1230 1893 1308 1969 ubi

166 2013 321 2085 minime
348 2028 548 2114 exspectes,
574 2014 786 2118 illustravit,
811 2028 915 2089 tanta
938 2027 1028 2102 arte,
1054 2026 1099 2084 ut
1123 2037 1200 2084 non
1223 2025 1312 2087 stu·

170 2131 235 2206 dio
269 2146 307 2205 et
338 2130 424 2206 data
455 2160 569 2237 opera
591 2141 797 2225 arcessitae,
822 2135 890 2211 sed
914 2137 954 2209 in
979 2135 1057 2236 ipsa
1083 2159 1125 2206 re
1152 2132 1311 2208 innatae

170 2281 248 2329 esse
273 2253 486 2329 videantur.
519 2257 657 2331 Elucet
687 2254 880 2361 praeterea
919 2260 957 2331 in
999 2256 1142 2346 iisdem,
1181 2269 1224 2328 ut
1266 2259 1312 2331 in

169 2378 328 2480 reliquis
354 2379 433 2453 eius
458 2382 648 2481 poematis,
674 2382 872 2483 singularis
898 2379 1085 2482 quaedam
1095 2382 1208 2454 animi
1228 2379 1311 2455 hu-

172 2502 273 2573 mani
317 2500 472 2602 eiusque
505 2517 681 2578 motuum
721 2515 834 2604 atque
873 2502 1114 2578 affectionum
1147 2504 1312 2600 notitia;

172 2610 346 2726 inprimis
368 2639 494 2698 autem
517 2625 630 2696 animi
656 2624 823 2712 amantis,
853 2625 960 2697 cuius
984 2626 1105 2698 varios
1133 2623 1311 2715 allectus,

172 2771 266 2846 spes,
292 2732 574 2831 sollicitudines,
600 2745 861 2845 aegritudines,
896 2745 980 2832 iras,
1012 2742 1313 2845 desperationes,

171 2870 412 2969 suspiciones,
438 2867 586 2942 furores
611 2869 741 2942 mirari
765 2866 864 2956 licet,
898 2892 974 2967 qua
1005 2864 1260 2940 calliditate
1249 2896 1315 2942 rn-

172 2989 327 3091 dagarit,
354 3003 569 3091 quantaque
594 3006 673 3065 arte
698 3004 812 3091 atque
831 2986 1034 3064 subtilitate
1048 2985 1311 3090 descripserit,

172 3136 216 3185 ac
240 3138 358 3213 prope
384 3111 517 3201 dicam,
545 3111 768 3214 depinxerit.

248 3234 436 3311 Eximiam
459 3246 585 3308 autem
610 3234 763 3308 eaedem
784 3231 922 3306 habent
936 3230 1317 3310 commendationem

175 3357 364 3442 orationis,
403 3381 500 3458 quae
530 3370 679 3457 praeter
710 3355 876 3430 colorem
913 3353 1020 3427 illum
1059 3353 1235 3429 vividum
1271 3373 1317 3432 et

174 3503 261 3551 rere
303 3478 495 3578 poeticum
525 3491 572 3565 et,
612 3478 752 3581 quibus
783 3492 861 3552 tota
889 3501 1083 3578 perspersa
1113 3490 1178 3565 est,
1215 3502 1324 3561 ,con-

161 3601 344 3675 'dimentn
369 3598 591 3673 facetiarum
621 3603 778 3695 (We),
811 3597 890 3673 fere
929 3596 1107 3670 omnibus
1137 3587 1321 3697 plerum-

176 3748 251 3827 que
278 3720 430 3799 dicendi
456 3719 658 3795 virtutibus
683 3733 795 3822 atque
821 3717 1009 3820 elegantiis
1033 3719 1150 3820 polita
1174 3732 1231 3819 est
1255 3734 1322 3794 at.

62 3935 64 3938 Α
177 3870 252 3949 que
279 3855 466 3933 exornata,
499 3839 737 3943 candidaque
777 3841 987 3930 Latinitate,
1023 3841 1159 3919 eximia
1188 3840 1325 3916 facili-

177 3978 251 4041 tate
277 3977 389 4067 atque
420 3965 695 4064 perspicuitate,
729 3965 1000 4065 aptissimisque
1032 3987 1074 4035 ac
1111 3963 1323 4064 simplicis-

168 4081 278 4161 simis
303 4084 584 4159 transitionibus
616 4085 774 4173 excellit,
809 4086 989 4186 omnique
1019 4098 1057 4157 et
1100 4084 1324 4164 affectuum

178 4222 216 4283 et
240 4234 369 4285 rerum
391 4229 711 4317 personarumque
736 4206 902 4281 varietati
934 4231 1012 4280 sese
1046 4184 1327 4287 accommodat
