2709 4675
155 240 198 300 Vi

153 452 313 521 autem
332 429 367 520 si
387 431 540 521 acrius
568 430 818 566 inspexeris
848 424 1017 523 eteius
1046 429 1302 555 ingenium

153 571 483 696 penetraveris,
518 572 609 661 vix·
629 571 787 664 ullum
823 603 923 694 esse
947 570 1160 697 reperies,
1208 573 1299 692 qui

152 735 252 802 tam
284 711 435 804 multa
464 711 631 804 habeat
654 716 842 839 propria
879 737 1072 834 tamque
1109 712 1198 802 sibi
1244 712 1301 802 in

7 866 12 873 “
140 854 336 976 ratione
354 876 401 945 et
423 854 635 945 oratione
657 853 829 946 similis
850 855 924 966 sit,
953 874 999 944 et
1018 876 1177 944 tamen
1193 852 1303 968 ,tam

153 993 328 1085 multas
374 1028 538 1118 easque
580 996 909 1087 diversissimas
953 995 1085 1117 quasi
1128 994 1305 1085 formas

152 1158 293 1258 atque
328 1132 497 1263 figuras
530 1137 738 1263 accipiat.
776 1137 932 1258 Atque
956 1136 1032 1227 his
1057 1134 1157 1226 fere·
1175 1168 1305 1260 prae-

106 1303 109 1324 ·
154 1277 298 1401 ceptis
316 1298 363 1368 et
383 1277 474 1368 hoc
492 1280 553 1370 de
580 1276 746 1370 Ovidii
773 1277 955 1368 ratione
981 1275 1163 1367 iudicio
1188 1309 1305 1368 usus

150 1450 259 1528 sum
281 1417 332 1509 in
353 1440 449 1510 tota
470 1418 550 1509 illa
571 1440 723 1511 textus
747 1417 1032 1510 emendandi
1057 1413 1304 1542 provincia

151 1558 540 1652 administranda.
567 1560 623 1651 ln
642 1559 924 1652 coniecturis
944 1581 1103 1676 autem
1132 1590 1185 1648 m
1208 1579 1305 1649 tex·

153 1722 261 1790 tum
283 1700 561 1827 recipiendis
583 1679 863 1792 admodum·
881 1722 1015 1791 caute
1048 1733 1101 1789 ac
1143 1699 1304 1790 mode-

155 1863 313 1933 ranter
344 1843 581 1969 agendum
625 1844 802 1968 putavi,
837 1873 991 1963 neque
1029 1840 1300 1963 quidquam

154 1984 444 2094 novandum,
473 1985 564 2075 nisi
593 1983 631 2074 si
672 1983 950 2108 scripturam
987 2004 1197 2073 veterum
1244 1978 1302 2071 li-

30 2237 32 2246 *
151 2124 349 2215 brorum
367 2124 824 2225 idoneisrationibus
840 2124 1031 2214 retineri
1051 2153 1149 2213 non
1170 2153 1300 2247 posse

152 2286 402 2392 appareret.
468 2264 619 2364 Malui
657 2265 789 2357 enim
834 2262 1018 2357 nimius
1050 2286 1099 2357 et
1132 2251 1295 2390 paullo

152 2405 409 2534 religiosior
439 2411 593 2499 fautor
616 2431 759 2531 atque
783 2407 1042 2501 admirator
1060 2392 1313 2496 vetustatis

154 2547 300 2645 videri
331 2552 457 2641 etad
485 2551 761 2640 novandum
788 2546 1062 2640 timiditatis
1083 2544 1302 2657 accusari,

151 2720 297 2811 quam
335 2689 405 2785 vel
433 2691 690 2782 minimam
725 2689 776 2780 in
812 2678 1046 2780 mutando
1077 2685 1299 2777 audaciae

152 2854 294 2954 atque
324 2833 732 2955 temeritatisque
761 2829 886 2920 nihil
915 2830 974 2919 ¹in
1018 2828 1107 2920 hoc
1138 2812 1304 2953 genere

154 2950 463 3097 perniciosius
498 2995 576 3085 est,
616 2971 804 3096 culpam
840 2970 1080 3097 suscipere.

223 3112 396 3238 Copiae
430 3148 535 3205 vero
573 3113 769 3224 criticae,
807 3112 983 3234 quibus
1020 3108 1090 3219 usi
1121 3142 1300 3221 sumus,

155 3287 363 3376 quasque
379 3255 641 3346 accuratius
666 3251 874 3345 collectas
895 3252 946 3342 in
979 3250 1066 3342 hac
1090 3250 1303 3341 editione

77 3439 83 3451 ·
155 3398 442 3520 reponendas
462 3397 762 3520 suscepimus,
785 3395 1001 3518 primum
1032 3413 1159 3501 sunt,
1186 3423 1304 3512 quas

154 3537 329 3662 partim
347 3536 552 3628 aliorum
572 3526 784 3628 virorum
801 3537 1050 3655 doctorum
1069 3566 1179 3623 cura
1197 3563 1307 3621 eno·

156 3701 283 3790 tatas,
292 3683 467 3807 partim
492 3715 518 3769 a
542 3713 588 3770 se
608 3678 718 3803 ipsis
733 3699 1018 3803 comparatas
1035 3698 1180 3797 atque¹
1197 3704 1308 3761 con·

153 3844 294 3945 gestas
322 3823 373 3912 in
409 3821 702 3937 editionibus
733 3819 829 3909 suis
865 3835 1215 3945 proposuerunt
1246 3811 1303 3903 N.

153 3964 377 4056 Heinsius
406 3988 451 4055 et
476 3965 524 4054 P.
552 3963 868 4052 Burmannus.
906 3958 1032 4050 Sunt
1050 3978 1210 4046 autem
1233 3985 1308 4043 va-

155 4110 248 4198 riae
284 4104 503 4196 lectiones
534 4105 592 4194 ab
624 4099 818 4193 Heinsio
853 4130 1087 4231 excerptae
1114 4140 1309 4198 mancae

152 4250 413 4373 multisque
442 4246 490 4336 in
515 4245 626 4337 locis
648 4246 859 4337 incertae.
907 4247 1203 4373 Nam'quunr
1225 4248 1308 4341 hie
