2709 4675
1148 237 1193 297 11

59 442 240 549 gmento
255 419 439 532 codicis,
451 419 580 543 quod
603 442 745 512 exstat
762 419 945 547 Lipsiae
960 421 1010 514 in
1026 420 1196 514 biblio

59 561 181 653 theca
207 559 423 671 Paulina,
450 560 673 687 excerpsit
699 583 745 651 et
773 595 884 653 cum
908 560 1091 685 reliquo
1120 595 1197 688 ap
1330 631 1332 634 ·

55 725 215 828 paratu
233 699 397 792 critico
423 699 643 791 exhihuit
671 700 724 792 in
754 702 963 828 editione
990 736 1072 816 sua
1097 702 1198 793 lah·

58 874 162 948 nus;
194 873 315 964 quae
337 872 420 965 per
445 873 522 931 me
545 863 629 932 aut
649 872 794 931 novae
820 866 904 934 aut
923 841 1198 968 diligentius

56 1005 262 1073 enotatae
306 1003 590 1072 accesserunt
623 982 860 1073 varietates
896 982 1067 1073 codicis
1094 981 1199 1072 Tre·

56 1122 258 1232 virensis,
290 1115 543 1212 Giessensis
569 1142 616 1210 et
630 1119 668 1209 F
669 1121 1055 1229 rancolurtensis3
1073 1119 1196 1213 alias.
1301 1113 1311 1130 ’

55 1261 141 1364 Sed
168 1293 323 1385 quum
351 1259 519 1351 multis
542 1262 593 1350 in
619 1257 744 1373 locis,
772 1260 947 1352 utiam
975 1262 1197 1375 diximus,

55 1406 287 1493 variarum
348 1397 610 1491 lectionum
653 1399 1020 1492 Heinsianarum
1068 1401 1200 1492 adiu·

59 1564 218 1632 mento
257 1539 572 1631 destituamur
617 1572 873 1661 earumque
904 1538 1097 1632 lacunis
1147 1540 1199 1632 in

58 1680 232 1773 incerto
265 1678 607 1800 relinquamur,
640 1712 795 1802 neque
835 1680 1096 1771 Burmanni
1130 1715 1201 1772 co

57 1822 216 1912 dicum
254 1841 302 1909 et
335 1818 541 1909 Monaoc.
578 1842 625 1910 et
655 1820 890 1912 Victorini
928 1843 973 1930 et
1012 1820 1109 1910 llel.
1153 1843 1200 1911 et

57 1960 183 2054 Dun.
212 1958 512 2081 aliorumque
532 1957 831 2050 collationem
869 1960 1097 2087 integram
1123 1961 1226 2049 ha··

58 2101 267 2207 heamus3
295 2098 386 2189 hoc
413 2098 557 2224 magis
583 2095 922 2191 elaborandum
948 2123 1014 2191 est
1032 2098 1200 2213 visum,

61 2263 116 2332 ut
141 2238 336 2330 illorum
370 2237 841 2353 subsidiacodicum5
874 2273 991 2365 quos
1023 2272 1203 2331 accura-

41 2382 156 2475 tius
188 2413 392 2472 excussos
427 2401 569 2501 atque
612 2403 842 2505 excerptos
894 2379 1202 2508 intelligerem

62 2522 112 2614 in
147 2544 468 2647 promptuque
502 2517 735 2631 haberem,
772 2544 818 2612 et
847 2520 1204 2648 diligentissime

62 2683 437 2754 conservarentur
471 2681 517 2749 et
556 2692 701 2781 quam
739 2659 964 2753 facillimo
1006 2663 1064 2753 ad
1107 2694 1205 2788 pere

64 2799 362 2893 lustrandum
400 2800 542 2890 modo
577 2823 967 2926 proponerentur,
986 2802 1044 2892 ad
1086 2833 1206 2922 quae

63 2937 1206 3066 subsidia‚ubicunquereliquusapparatusdefice-

66 3079 471 3175 retrellacunosds
487 3080 733 3192 videretur,
749 3080 921 3209 recurri
943 3104 989 3172 et
1006 3081 1136 3172 unde
1149 3082 1207 3172 de

69 3219 256 3345 reliquis
277 3218 372 3312 illis
398 3219 637 3326 codicibus
661 3206 1014 3341 quodammodo
1058 3224 1208 3313 conie

68 3382 193 3453 etura
214 3361 411 3453 iudicari
438 3382 596 3486 posset.
635 3359 878 3485 Aptiorem
898 3383 1056 3453 autem
1078 3384 1124 3453 et
1148 3362 1207 3453 ad
1257 3423 1259 3429 ,

71 3486 248 3593 facilem
291 3501 528 3592 variarum
593 3498 854 3591 lectionum
891 3533 1033 3593 usum
1068 3523 1210 3624 atque

70 3662 363 3768 conspectum
401 3638 834 3732 convenientiorem
864 3642 1067 3732 modurn
1103 3652 1208 3731 'non

72 3779 396 3908 intelligebam,
407 3813 552 3905 quam
566 3781 604 3872 si
629 3813 701 3871 eas
716 3780 994 3908 singillatim
1019 3781 1071 3871 in
1092 3779 1211 3869 calce

71 3916 175 4013 libri
212 3921 343 4012 iuxta
367 3920 686 4013 describendas
719 3955 942 4013 curarem.
977 3922 1103 4015 Sunt
1131 3954 1210 4010 au·

70 4081 162 4157 tem
197 4061 374 4155 codices
415 4060 678 4174 duodecim,
712 4063 770 4153 de
806 4062 981 4185 quibus
1012 4060 1211 4187 singulis

17 4248 18 4283 t
65 4202 205 4297 verbo
242 4200 371 4295 iurat
403 4234 640 4329 exponere.

991 4343 1015 4410 2
