2709 4675
380 0 893 52 ΙΙι’“ἷ,.Ι-;ΙΙ.,

74 178 147 247 203
170 184 227 244 Hei
246 180 421 243 mibi.Tam
437 176 585 239 hocloco
623 179 769 259 proxime
792 175 1041 240 antecedentem
1051 200 1080 238 v.
1094 174 1176 256 904,

33 283 133 345 quam
156 261 300 341 proxime
321 260 469 343 sequenti
493 281 586 321 versu
624 268 694 320 tum
717 269 749 321 et
770 260 802 319 in
827 260 1035 343 sequentibus
1067 282 1176 322 versus

33 362 100 423 pro
127 346 160 407 Si
187 346 271 420 mibi,
300 363 381 423 quae
411 349 459 402 est
490 341 585 403 lectio
623 338 694 409 240.
725 350 758 402 et
777 338 858 418 247,
885 341 988 403 minus
1009 344 1111 405 aliena
1136 345 1176 406 ab

33 424 207 496 librorum,
230 423 589 484 Gronovinsrectcre·
625 422 764 483 Acontio
801 421 949 519 Cydippe
984 424 1049 485 visa
1083 435 1177 502 esset,

33 504 151 588 ponite
178 508 236 569 Hei
259 508 341 570 mint
377 508 488 569 Hares.
522 503 587 564 Pro
626 527 723 588 quam
744 513 780 564 ut
800 504 854 565 bic
878 514 939 565 tam
958 504 1178 569 inhumaniter

33 593 173 669 voluptas
203 584 335 646 Heinsio
368 585 518 667 placebat
548 589 590 648 si·
626 587 729 646 solum
767 585 986 647 iusiurandum
1020 609 1112 649 suurn
1144 590 1177 649 in

33 674 156 732 multas.
177 666 336 750 Equidem
352 667 469 726 leniori
486 675 591 725 muta·
627 688 735 727 caussa
753 686 819 728 esse
837 665 933 744 dicat,
951 690 1011 729 cur
1025 691 1088 730 non
1103 692 1178 732 eum

33 752 130 810 tione
144 749 407 815 mulimvoluntos.
420 747 590 808 Cic.Tusc.
626 748 735 830 potius
763 746 879 825 oderit,
919 771 1015 832 quam
1044 753 1179 813 rivalem

33 832 130 912 Disp·
151 829 189 889 V.
212 850 239 890 c.
260 832 435 899 37·Alieno
454 840 591 914 eloffm
629 831 707 892 eius.
740 829 795 889 llis
823 834 989 912 perpensis
1022 832 1053 892 in
1083 834 1179 895 aliam

33 917 95 977 rior
121 917 267 976 voluntas.
296 912 375 992 Nep.
403 912 476 970 Dio.
507 931 534 970 c.
561 908 591 975 Z·
628 912 697 993 ipse
719 911 938 972 coniecturam
962 913 1069 989 incidi,
1088 915 1178 975 cuius

33 999 161 1081 Offensa
169 997 201 1056 in
214 1015 280 1056 eum
292 997 420 1057 militnm
431 997 590 1057 voluntate·
631 1014 715 1051 nunc
737 993 879 1052 rationes
894 996 1067 1077 proferam.
1072 1001 1179 1062 Sensus

33 1074 132 1138 [loni.
155 1094 184 1132 v.
204 1075 276 1139 201.
310 1079 403 1138 brun.
446 1073 589 1133 Probum
626 1098 694 1139 suos
716 1077 746 1133 in
777 1096 805 1133 v.
833 1072 902 1141 204.
938 1075 1083 1160 Cydippe
1112 1098 1177 1138 nnn

33 1154 119 1219 mihi
139 1160 270 1238 voluptas
291 1153 429 1233 videtur,
452 1152 550 1237 quod,
565 1152 590 1211 si
630 1156 766 1216 obscure
799 1153 878 1216 dixit
904 1156 1001 1217 animi
1030 1159 1179 1219 volunte-

33 1234 138 1302 modo
168 1234 246 1295 illud
274 1240 353 1299 iuvat
383 1256 446 1296 non
469 1237 591 1315 imper·
630 1245 705 1311 tem,
728 1238 760 1295 in
784 1238 957 1297 Acontium
972 1260 1178 1321 propensam,

33 1317 196 1383 sonaliter
216 1317 352 1398 accipias
373 1337 435 1398 pro
462 1322 592 1381 delecta·
630 1318 662 1377 in
703 1317 840 1378 alterum
885 1318 977 1381 illum
1016 1321 1178 1382 offensam.

33 1409 85 1480 ais,
110 1397 168 1459 sed
189 1399 323 1480 proprie
352 1407 386 1458 et
410 1398 507 1459 modo
543 1398 592 1456 fa·
630 1398 838 1466 Cous-nm
852 1398 932 1459 Eam
945 1421 1023 1461 vero
1036 1412 1179 1463 mentem

33 1478 159 1553 ciendi,
181 1480 255 1540 sutis
274 1477 477 1540 commodum
497 1498 591 1561 prae·
629 1501 717 1539 suam
750 1481 817 1561 ipsa
847 1481 1101 1560 reprehensione
1128 1482 1179 1544 di-

33 1568 93 1628 bet
117 1582 255 1622 sensum.
275 1560 406 1623 Scilicet
422 1569 590 1642 postquam
628 1582 723 1644 gnam
750 1560 936 1621 arbitratur.
975 1561 1009 1623 ld
1036 1562 1180 1625 declarat

33 1643 199 1729 exposuit,
231 1664 326 1726 quam
355 1663 466 1703 averso
495 1660 590 1722 saepe
629 1642 790 1725 geminato
814 1643 884 1702 illo:
905 1648 964 1708 Hei
981 1648 1178 1713 miniuttss.

33 1731 67 1790 in
93 1725 260 1787 aemulum
275 1725 341 1786 eius
358 1724 464 1784 animo
481 1724 590 1797 fuerit,
630 1731 664 1784 et
684 1722 754 1791 204.
776 1720 822 1799 ld,
843 1724 875 1783 ni
893 1724 1104 1800 sallor,etiam
1120 1726 1194 1788 de-'

33 1809 76 1871 ad
113 1814 246 1868 narrata
281 1807 455 1886 respiciens
489 1805 591 1865 exele·
630 1807 753 1866 clarere
783 1806 853 1866 vult
881 1805 949 1888 ipso
979 1806 1042 1869 boc
1069 1830 1177 1869 versus

33 1900 121 1953 mat:
145 1892 204 1965 Hei
221 1892 305 1966 mihi,
326 1895 406 1970 quod
429 1893 541 1970 gaudes
564 1899 592 1949 ct
629 1889 699 1954 205.
722 1886 896 1968 principio.
918 1888 1028 1970 ltaque
1041 1890 1101 1949 nisi
1113 1913 1181 1950 rna-

33 1981 92 2039 boc
109 1976 257 2056 gaudium
284 1970 361 2042 (ista
383 1970 543 2049 voluptas)
564 1982 592 2031 te
630 1989 708 2027 num
723 1968 873 2041 auctoris,
884 1977 973 2030 certe
988 1972 1181 2032 sententiam

33 2061 126 2130 iuvat,
148 2067 177 2116 te
198 2061 351 2134 confirmat
371 2066 399 2115 et
419 2055 526 2114 excitat
550 2055 591 2112 ad
631 2049 698 2108 eius
732 2046 874 2108 adsecuti
907 2050 1000 2109 nobis
1031 2051 1181 2112 videmur

33 2138 197 2201 consilium
226 2157 263 2197 nc
289 2136 420 2197 studium
447 2146 532 2196 tuum
558 2135 590 2193 in
631 2127 845 2211 corrigendo:
865 2134 999 2196 Simena
1020 2140 1182 2215 aequoso·

33 2229 209 2295 potestatem
242 2218 299 2279 mei
330 2217 517 2297 perveniemti
545 2232 591 2278 te·
629 2225 685 2288 ret,
715 2211 734 2268 i.
765 2230 804 2284 e.,
825 2209 851 2268 si
880 2210 940 2270 tibi
962 2233 1026 2272 non
1047 2223 1181 2295 praeter

34 2305 151 2366 molter
168 2302 409 2380 persequendum.
595 2359 598 2364 ,
629 2293 677 2353 ius
707 2298 740 2351 et
768 2312 905 2373 aequum
936 2292 1061 2356 faveret
1090 2316 1180 2356 mens

72 2374 587 2460 204·Sernus.Vid.Epist.XVlll,
628 2395 709 2434 mea.
733 2373 889 2433 Gronovii
911 2376 1115 2438 coniectura:
1149 2382 1183 2443 Si

36 2462 85 2531 24.
628 2482 675 2521 me
686 2460 899 2538 dignasorem,
919 2481 949 2519 n·
969 2472 988 2523 t
1010 2462 1028 2522 i
1049 2463 1068 2523 i.
1091 2466 1127 2543 Q·
1140 2485 1181 2524 m.

70 2544 147 2612 905·
191 2548 225 2608 Si
259 2546 336 2607 mibi
363 2545 465 2623 liugane
492 2544 585 2620 foret
628 2552 648 2601 t.
670 2564 695 2603 r·
727 2541 834 2620 dignus
861 2562 937 2615 eras,
957 2538 1063 2600 verbis
1085 2561 1181 2622 argu-

38 2626 158 2710 Vulgo:
179 2628 213 2691 Si
233 2628 307 2687 mihi
319 2621 587 2706 linguasoret‚in-
629 2619 704 2693 tior,
727 2637 854 2677 sensum
876 2641 893 2678 a
916 2628 1026 2680 nostra
1053 2623 1102 2682 vix
1131 2619 1182 2680 di·

40 2715 109 2790 epte
131 2725 277 2790 prorsus,
289 2725 362 2765 cnm
374 2723 434 2762 nec
446 2703 589 2785 elingua·
630 2721 757 2760 versum
780 2698 886 2759 habet.
910 2699 973 2761 Sed
986 2709 1092 2770 eslrne
1108 2701 1181 2782 qui-

41 2811 109 2867 um,
142 2794 207 2848 nec
226 2785 386 2869 elinguem
408 2783 587 2867 Cydippen,
630 2780 704 2842 dem
727 2778 848 2840 iudice:
868 2785 1179 2866 Simedignasorem‚

42 2869 89 2929 ed
125 2868 237 2951 potins
266 2868 393 2950 lingua,
425 2874 515 2927 certe
547 2863 587 2924 ad
628 2863 737 2946 paullo
760 2861 1014 2945 magnificentius
1046 2862 1180 2940 dictum,

45 2950 227 3028 urendum,
270 2947 365 3018 nimis
402 2953 587 3028 promptam
629 2965 725 3085 quam
751 2965 811 3024 pro
842 2941 1002 3028 Cydippes
1030 2964 1178 3086 persona.

44 3034 129 3094 bisse
154 3036 223 3113 ipsa
245 3030 325 3091 haec
346 3027 480 3089 historia
497 3026 587 3087 evin·
663 3022 900 3104 udendorpium
934 3025 1027 3086 Rubn
1055 3027 1180 3086 eninm·

45 3122 92 3173 ab
118 3120 166 3182 Nt'
185 3137 250 3177 mea
270 3118 372 3196 lingum
386 3116 483 3191 sorel,
505 3108 524 3167 i.
548 3126 586 3182 e.,
629 3127 692 3201 que
715 3104 950 3167 eonsentientes
966 3106 1102 3167 videoin
1124 3127 1179 3168 re-

46 3193 92 3272 lisi
114 3217 170 3257 me
192 3203 315 3256 temere
339 3190 475 3253 iurando
504 3188 588 3248 obli·
628 3187 762 3248 tmenda
782 3188 918 3268 vulgata,
942 3210 1036 3269 quum
1057 3189 1102 3249 sio
1124 3209 1179 3250 ex·

47 3279 167 3370 pssem,
190 3285 225 3338 et
246 3275 325 3336 lenis
358 3282 392 3335 et
424 3273 455 3332 in
480 3271 588 3333 eniosa
628 3269 765 3352 plicent:
802 3268 858 3343 „Si
893 3270 971 3330 mibi
999 3270 1106 3355 lingua
1137 3268 1179 3331 ed

48 3365 81 3420 'sl
102 3359 269 3422 correctio
291 3355 425 3417 Hieron.
450 3295 587 3427 Ilosclrii,
630 3348 875 3410 conviciandum
914 3352 1030 3428 soree‘,
1062 3351 1179 3411 citant-

51 3433 129 3513 'lam
152 3442 304 3523 profecto
326 3439 358 3498 in
387 3443 507 3497 textum
535 3454 589 3494 re·
630 3452 712 3572 que,
757 3429 1008 3514 Oudendorpius
1048 3430 1179 3516 quidem

95 3525 201 3597 issem,
222 3520 284 3584 nisi
302 3518 474 3602 diligenter
489 3514 589 3595 inspi·
655 3511 822 3572 uetonium
843 3512 876 3572 in
897 3516 975 3597 Aug.
996 3515 1046 3579 51.
1069 3521 1103 3574 et
1124 3513 1179 3573 Ci-

86 3605 134 3665 nti
166 3603 245 3665 milri
274 3601 454 3681 superiora,
478 3616 586 3657 versus
629 3614 781 3655 ceronem
795 3593 879 3677 Epp.
908 3594 948 3655 ad
968 3595 1039 3654 Div.
1063 3596 1116 3668 lx,
1136 3594 1177 3670 2.,

53 3679 238 3792 pissimum
278 3681 479 3759 125-132,
508 3677 587 3739 item
625 3672 1177 3774 RuhnkeniusveroLiviumXXlll,
1265 3727 1268 3732 .
